4988 6824
19 3979 55 4027 no

1166 623 1203 687 11

321 807 356 890 d)
378 833 399 872 α
418 805 609 892 productum
631 825 704 870 cum
725 829 750 869 ω
765 805 867 871 Dores
888 805 976 870 haud
997 825 1071 872 raro
1091 807 1327 891 permutabant,
1348 812 1384 872 ut
1405 807 1437 872 iu
1449 805 1605 874 vocabulo
1620 814 1735 890 πρᾶτος
1748 829 1807 894 pro
1823 815 1944 894 πρῶτος
1959 807 2156 894 aliisque¹⁵⁴).

220 907 308 987 Quae
329 907 521 993 permutatio
543 905 629 990 apud
651 905 834 971 Alcmanem
857 905 955 971 semel
975 905 1133 992 reperitur
1155 906 1192 972 fr.
1214 909 1263 987 87,
1285 907 1375 990 cujus
1397 907 1497 984 θάκοις
1517 909 1550 973 in
1573 907 1681 984 θάκοις
1698 908 1920 992 corrigendum
1942 914 1975 976 et
1996 909 2039 977 sd
2060 915 2158 988 θόαος

219 1009 352 1076 Dorium
374 1007 472 1073 Attici
493 1011 598 1082 θῶκος
618 1005 770 1070 vicarium
791 1005 994 1083 referendum
1014 1015 1072 1079 est.
1180 1070 1186 1081 ,
1395 1088 1401 1101 ι

322 1110 353 1188 e)
375 1133 396 1171 α
416 1108 487 1174 loco
515 1107 655 1192 vulgaris
684 1131 708 1169 a
735 1105 894 1191 reperitur
922 1100 954 1174 in
983 1127 1060 1185 voce
1080 1104 1283 1205 xuiqqrurssil,
1310 1109 1451 1195 quaesi
1479 1107 1688 1195 amansium)
1712 1108 1877 1189 oredimus,
1898 1109 2029 1176 Aeolica
2049 1111 2157 1195 potius

220 1229 316 1294 quam
333 1210 433 1274 Doris
454 1209 557 1274 forma
578 1229 636 1292 pro
656 1208 803 1292 κρείσσων
824 1202 875 1272 vel
895 1207 1032 1292 spicoma
1053 1215 1109 1274 est.
1147 1207 1192 1274 Ut
1212 1207 1348 1292 κρέσσων
1370 1230 1387 1274 e
1408 1214 1555 1300 apes-joir
1577 1211 1622 1276 sic
1642 1208 1763 1296 κάρρων
1780 1213 1966 1298 exopt-joar
1979 1217 2012 1275 et
2024 1211 2157 1298 auprlmr

219 1331 277 1396 per
299 1310 503 1376 metathesim
525 1330 542 1373 e
562 1311 717 1396 spur-joir
737 1315 843 1375 ortum
866 1315 923 1374 est.
969 1307 1021 1374 Sic
1043 1309 1139 1398 etiam
1161 1309 1318 1398 Κρατερός
1340 1330 1454 1374 nomen
1471 1311 1565 1394 juxta
1588 1311 1752 1396 Καρτερός,
1773 1312 1929 1396 Καρτερία
1950 1312 2083 1378 exstitit.

322 1411 350 1492 f)
371 1437 402 1474 οι
422 1410 493 1476 loco
515 1435 539 1474 a
559 1424 714 1493 usurpare
742 1417 778 1475 ut
807 1428 883 1476 mosv
897 1407 1019 1476 Dorum
1047 1409 1196 1476 incertis
1218 1410 1409 1494 quibusdam
1438 1412 1615 1490 vocabulis,
1645 1409 1691 1476 sic
1713 1411 1873 1478 alemanis
1901 1432 2027 1496 quoque
2054 1418 2104 1478 est
2123 1414 2156 1478 in

220 1533 296 1578 voce
319 1513 429 1596 cipro
450 1509 574 1594 vulgari
595 1511 628 1587 el,
649 1509 722 1574 ride
743 1508 781 1574 ir.
805 1511 853 1590 16,
876 1511 905 1589 2,
929 1511 984 1590 12;
1007 1512 1066 1590 29;
1088 1513 1145 1592 773
1167 1513 1208 1578 83
1221 1511 1271 1592 ⁵⁶).
1307 1511 1380 1576 Jam
1403 1512 1463 1576 etsi
1484 1512 1668 1596 dijudicare,
1690 1511 1771 1578 sitne
1794 1517 1929 1596 utraque
1943 1511 2048 1578 forma
2063 1513 2157 1580 unius

220 1619 253 1680 et
268 1613 397 1695 originis
411 1617 444 1677 et
455 1611 592 1677 notionis
608 1647 645 1658 —
661 1618 697 1676 ut
710 1611 847 1695 exempli
862 1611 969 1694 gratia
986 1612 1116 1692 χομα-ί,
1138 1609 1231 1676 cliro-a
1253 1610 1380 1676 locativi
1403 1617 1476 1676 sunt
1499 1612 1611 1678 eodem
1633 1612 1728 1678 modo
1744 1610 1872 1697 figurati
1893 1631 1957 1696 quo
1977 1614 2157 1696 πανδημε-ί,

221 1712 354 1795 ἄμαχοί
372 1711 523 1778 adverbia
544 1747 587 1758 -
609 1730 671 1776 non
693 1711 844 1791 audeam,
874 1717 982 1776 tamen
1003 1731 1068 1776 non
1089 1731 1217 1794 possum
1239 1712 1362 1790 facere,
1393 1711 1468 1795 quin
1491 1715 1524 1774 ui
1543 1712 1715 1778 locativum
1737 1713 1874 1797 aliquem
1897 1733 1917 1777 a
1938 1711 2037 1797 stirpe
2058 1711 2156 1798 ἀμ’)

221 1813 393 1880 deductum
416 1835 485 1880 esse
506 1812 655 1896 suspicer.
698 1811 741 1877 Et
762 1811 829 1876 fere
849 1811 912 1876 vim
935 1811 1157 1894 notionemque
1180 1811 1409 1890 adverbialem‚
1433 1833 1514 1894 quae
1535 1814 1567 1878 in
1588 1812 1703 1878 Latino
1725 1813 1880 1880 vocabulo
1908 1812 1978 1878 ubi
2003 1819 2068 1893 est,
2097 1812 2157 1880 sub

223 1914 278 1980 illo
294 1913 430 1979 locativo
444 1914 619 1998 antiquitus
633 1911 763 1978 latuisse
777 1911 854 1976 mihi
868 1929 1055 1996 persuasum
1070 1917 1126 1990 est,
1149 1909 1317 1976 simillimis
1326 1918 1459 1977 nostrae
1471 1911 1598 1996 linguae
1612 1913 1773 1979 vocabulis
1786 1911 1911 1996 „wenn”
1926 1918 1959 1978 et
1980 1912 2107 1991 ‚,wann”
2123 1920 2157 1980 et

222 2013 353 2082 Graecis
374 2014 504 2080 vocibus
520 2011 598 2077 ὑπαί
609 2019 705 2096 atque
719 2016 818 2098 nupul
829 2013 871 2080 ad
886 2011 1135 2100 comparandum
1150 2011 1312 2078 adhibitis.
1356 2011 1444 2090 Quae
1461 2012 1488 2078 si
1501 2013 1609 2078 animo
1624 2015 1883 2100 reputaverimus,
1898 2016 1932 2077 ui
1944 2013 2156 2101 antiquiorem

221 2113 317 2182 fnisse
339 2113 569 2200 conjunctionis
590 2115 617 2177 al
636 2113 780 2195 formam,
802 2136 885 2200 quae
906 2120 944 2180 ut
964 2111 1083 2180 multae
1106 2113 1188 2178 aliae
1209 2111 1377 2180 vetustatis
1399 2112 1551 2197 reliquiae
1573 2136 1593 2180 a
1615 2113 1735 2182 Doride
1748 2115 1947 2194 retineretur,
1969 2135 2066 2198 quum
2088 2115 2156 2198 eJ'us

222 2242 242 2279 ο
263 2237 284 2284 a
304 2215 435 2299 reliquis
456 2214 588 2282 Graecis
608 2215 641 2278 in
663 2239 676 2277 r
697 2214 918 2283 debilitaretur
940 2214 1051 2282 eodem
1074 2215 1169 2281 modo
1192 2236 1255 2298 quo
1276 2214 1309 2280 in
1330 2214 1482 2294 πανδημεί
1500 2239 1516 2276 ο
1538 2215 1572 2280 in
1593 2240 1615 2294 a,
1636 2215 1790 2299 conjicere
1812 2237 1876 2282 non
1899 2214 2091 2280 dubitamus.

323 2317 357 2401 g)
381 2339 408 2378 οι
430 2315 500 2382 loco
521 2339 545 2379 ει
566 2335 761 2400 quamquam
785 2317 886 2382 Dares
908 2336 971 2380 uon
993 2314 1140 2380 solebant
1160 2314 1297 2380 scribere
1324 2335 1426 2398 neque
1456 2315 1554 2381 ullum
1574 2315 1723 2382 Doricum
1745 2317 1814 2400 ejus
1834 2316 2082 2400 permutationis
2101 2335 2156 2382 ex·

211 2418 362 2503 ,emplum
383 2421 495 2495 exstat,
518 2421 627 2482 tamen
649 2415 850 2483 Herodianus
861 2416 904 2502 ³⁸)
927 2416 1110 2481 Alcmanem
1140 2411 1222 2490 οἶκος
1249 2435 1307 2500 pro
1336 2413 1414 2490 οἶκος
1436 2415 1487 2498 (ir.
1509 2417 1565 2494 80)
1588 2416 1685 2481 semel
1715 2415 1830 2482 dixisse
1851 2417 2006 2501 perhibet.
2051 2415 2155 2493 Quam

221 2517 356 2584 formem
377 2517 447 2582 ladi
470 2524 566 2602 atque
595 2515 762 2582 recentiori
791 2517 918 2601 quidem
948 2515 1183 2581 attribuendam
1214 2535 1281 2580 esse
1309 2515 1531 2600 pervulgatum
1555 2523 1610 2582 est.
1654 2515 1764 2600 Neque
1787 2515 1956 2581 mirabitur
1977 2515 2154 2600 quisquam,

221 2619 308 2704 quod
329 2617 470 2684 Ionicum
492 2617 628 2684 formam
649 2617 681 2682 in
704 2617 896 2686 carminibus
917 2623 1031 2702 poetae
1052 2614 1255 2684 illustrissimi
1277 2615 1428 2702 Spartani
1449 2617 1618 2696 invenerit,
1647 2618 1704 2702 qui
1732 2618 1830 2683 etiam
1860 2639 1898 2682 ex
1927 2617 2018 2701 spica
2046 2617 2156 2702 lingua

220 2727 351 2806 praeter
371 2741 464 2786 voces
485 2717 602 2784 multas
618 2719 689 2802 jem
710 2726 974 2808 commemoratas
994 2715 1151 2785 vocabula
1174 2715 1213 2800 ἠῢ
1233 2717 1282 2798 33,
1305 2718 1334 2797 6,
1354 2717 1487 2800 γούνατα
1502 2719 1551 2800 30,
1573 2717 1639 2804 ἔρος
1661 2719 1711 2799 36,
1732 2723 1864 2802 peteret.
1898 2718 1996 2802 Atqui
2016 2717 2049 2781 in
2072 2715 2155 2782 diffi-

222 2821 343 2888 cultate
363 2841 487 2886 summa
507 2819 626 2886 versari
648 2819 800 2900 ridemur,
822 2841 920 2904 quum
942 2817 1008 2883 olna
1030 2818 1072 2884 ab
1087 2819 1225 2886 Homero
1246 2839 1376 2902 prorsus
1397 2818 1545 2900 alienum,
1566 2820 1600 2884 in
1615 2819 1770 2886 Herodoti
1793 2818 1919 2886 demum
1941 2819 2083 2886 historiis
2104 2839 2155 2884 re·

220 2927 346 3006 partum
369 2919 411 2987 ab
432 2919 594 2985 Alcmauis
616 2925 723 2984 aetate
743 2919 916 2986 abhorrere
937 2919 1091 2986 videatur.
1134 2920 1192 2986 Est
1220 2918 1400 2998 difficultas,
1429 2919 1486 2984 sed
1515 2941 1611 3004 quam
1640 2941 1803 3006 speremus
1831 2919 1900 2986 fore
1927 2927 1964 2985 ut
1991 2937 2154 2984 remouere

221 3021 385 3107 possimus.
421 3021 454 3087 Si
477 3020 560 3087 enim
583 3017 819 3085 consideramus
842 3021 939 3087 etiam
959 3021 991 3086 in
1014 3021 1115 3086 Iliade
1130 3020 1227 3086 semel
1241 3027 1367 3088 tantum
1381 3018 1518 3102 aladcll)
1540 3020 1755 3106 participium,
1777 3019 2030 3104 frequentissime
2051 3015 2154 3094 ἐοικώς

220 3121 362 3208 reperiri,
382 3121 457 3188 licet
479 3120 592 3186 saltem
615 3121 770 3206 suspicari
791 3119 884 3190 Iones
907 3121 1010 3188 forma
1026 3118 1092 3186 clau
1109 3122 1178 3208 jam
1192 3121 1353 3187 Alcmsnis
1366 3121 1563 3206 temporibus
1579 3121 1718 3206 coepisse
1739 3121 1787 3186 uti
1809 3119 2056 3203 Alcmanemque
2070 3117 2155 3185 banc

220 3223 356 3290 formam
377 3244 417 3289 ex
438 3223 515 3290 Asia
536 3243 642 3288 secum
665 3222 699 3286 in
719 3221 910 3291 Laconicam
933 3221 1060 3304 tulisse,
1090 3221 1230 3309 inopiam
1251 3229 1526 3290 monumentorum
1548 3221 1738 3307 ampliorum
1765 3219 1850 3288 Isdis
1878 3220 1962 3286 illius
1992 3219 2153 3308 temporis,

221 3324 309 3409 quod
330 3324 412 3390 inter
433 3324 607 3390 Homerum
629 3328 662 3388 et
683 3319 881 3390 Herodotum
902 3323 961 3404 sit,
987 3323 1091 3392 solam
1113 3345 1183 3392 esse
1203 3345 1348 3404 causam,
1370 3323 1456 3407 quod
1477 3319 1544 3386 clau
1564 3321 1596 3388 in
1616 3321 1779 3390 Alcmauis
1800 3321 1993 3388 carminibus
2014 3321 2154 3390 admira·

220 3425 341 3491 tionem
362 3431 496 3504 moveat,
517 3424 550 3490 iu
571 3423 726 3488 Herodoti
748 3423 874 3508 scriptis
895 3446 958 3490 non
980 3429 1113 3492 moveat
1153 3424 1192 3490 Id
1214 3420 1280 3486 uisu
1300 3429 1407 3492 autem
1429 3423 1589 3507 quomodo
1603 3420 1775 3490 formatum
1790 3423 1841 3504 sit,
1862 3421 2022 3508 explicare
2044 3420 2154 3490 conari

219 3525 350 3610 longum
379 3531 442 3607 est,
469 3523 659 3612 praesertim
688 3544 785 3608 quum
813 3525 968 3609 angustiis
997 3525 1093 3612 spatii
1116 3523 1215 3591 nobis
1244 3523 1286 3590 ad
1307 3523 1366 3589 has
1388 3523 1590 3608 quaestiones
1608 3522 1820 3590 instituendas
1842 3523 1981 3589 concessi
2002 3523 2057 3590 hic
2079 3521 2154 3589 sub·

221 3627 333 3692 sistere
356 3647 515 3712 cogamur.

328 3929 361 3998 θ’)
379 3929 447 3982 Ahr.
464 3927 506 3996 Π,
529 3927 587 3982 181.
604 3957 637 3966 -
666 3929 700 3996 ⁸⁵)
716 3927 754 3984 id.
770 3927 813 3996 Π,
837 3928 894 3984 103.
917 3956 952 3970 ·-
979 3927 1353 3998 ⁵⁰)cfr.em.11‚380.-
1382 3927 1415 3996 ”)
1433 3928 1481 3984 cit.
1506 3927 1580 3984 Ourt.
1599 3925 1645 3982 Gr.
1666 3939 1694 3996 p.
1716 3925 1768 3980 345
1791 3931 1820 3980 st
1841 3926 1924 3992 alfei
1940 3925 1969 3980 G.
1985 3923 2008 3980 I.
2025 3926 2055 3993 l,
2076 3925 2101 3980 1.
2119 3951 2153 3964 -

223 4012 258 4081 ⁸⁰)
278 4030 303 4066 a.
321 4030 347 4074 μ.
363 4016 386 4064 l.
403 4012 445 4080 24,
462 4013 487 4066 9.
505 4040 538 4051 -
566 4012 599 4080 ι9)
615 4012 658 4081 21,
675 4011 734 4066 aba
