4988 6824
1301 705 1323 770 6

348 891 484 976 scripsit,
505 889 709 975 digammate,
730 896 767 954 ut
788 908 857 954 mos
878 893 950 953 erat
970 887 1119 970 Aeolum,
1139 889 1175 956 in
1195 915 1214 953 α
1236 895 1368 956 661616.
1399 889 1488 968 Quae
1502 888 1647 970 mutatio,
1667 909 1764 972 quum
1782 886 1944 953 rarissima
1957 885 1999 953 sit
2013 885 2046 952 in
2060 885 2188 966 Doride,
2207 905 2282 951 nam

347 989 536 1075 Λασαγέτα,
558 989 592 1056 0.
614 988 638 1054 1
661 989 759 1070 1460,
786 1010 901 1055 66666
922 990 1086 1076 proprium
1107 1011 1205 1054 unum
1227 990 1295 1074 ejus
1315 1011 1383 1056 esse
1405 989 1556 1056 Doricum
1577 988 1756 1074 exemplum
1779 987 1953 1054 Ahrensins
1972 987 2151 1070 61616141),
2169 987 2281 1072 jures

348 1090 442 1158 nobis
470 1089 630 1158 aeolismis
655 1090 689 1156 in
717 1089 878 1156 Alcmanis
906 1089 1099 1156 carminibus
1125 1091 1261 1175 repertis
1289 1089 1492 1156 attrIbuetur.
1535 1089 1572 1156 Iu
1600 1089 1772 1156 sonandam
1799 1088 2024 1156 aeclismorum
2050 1109 2182 1154 numero
2209 1109 2281 1173 par·

349 1193 462 1278 ticipia
481 1191 624 1260 feminini
645 1191 769 1276 generis
789 1191 822 1256 in
844 1215 914 1255 αισα
934 1190 1005 1258 loco
1025 1190 1166 1276 vulgaris
1187 1215 1266 1255 σασα
1284 1191 1458 1258 terminata
1478 1188 1628 1275 ponenda
1648 1195 1757 1271 erunt,
1783 1195 1820 1256 ut
1840 1189 1968 1276 φέροισα
1991 1193 2045 1271 18,
2069 1195 2102 1270 1;
2131 1189 2281 1274 omniumr

353 1295 402 1376 16,
423 1296 452 1374 2,
475 1294 533 1374 27;
555 1297 678 1357 aaaron
699 1293 756 1373 233
778 1291 882 1374 ἔχοισα
903 1293 953 1374 34,
974 1294 1010 1372 3;
1033 1291 1241 1378 ἐπιστέφοισαι
1264 1294 1313 1372 14,
1337 1293 1372 1371 2;
1402 1291 1668 1375 σαλασσσμέδοισα
1689 1293 1746 1371 84,
1776 1290 1891 1375 quibus
1912 1290 2044 1356 Pindari
2065 1310 2192 1376 quoque
2214 1309 2281 1355 car·

349 1396 437 1462 mina
458 1393 626 1461 abundant
646 1399 680 1460 et
699 1414 782 1479 quae
811 1399 928 1458 cuncta
954 1392 1129 1458 secundnm
1148 1393 1235 1478 leges
1265 1392 1395 1460 dialecti
1416 1392 1565 1460 Aeolicus
1592 1392 1633 1459 ab
1655 1391 1811 1458 Ahrensio
1832 1389 1856 1471 Ι,
1877 1413 1908 1476 p.
1930 1392 1968 1458 ‘Il
1992 1389 2169 1456 illustratas
2190 1409 2211 1454 a
2229 1410 2280 1455 ve-

351 1496 486 1563 tustiore
506 1491 730 1562 terminatione
752 1517 827 1558 σνσα
855 1493 1007 1578 originem
1034 1492 1171 1573 ducunt,
1200 1515 1296 1578 quum
1320 1495 1421 1560 Dores
1449 1493 1563 1560 eadem
1589 1491 1761 1578 participia
1787 1491 1819 1558 in
1841 1515 1908 1556 ωσα
1934 1491 2107 1558 terminare
2137 1490 2280 1572 solerent,

351 1596 439 1682 quod
460 1600 596 1680 apparet
617 1615 656 1660 ex
683 1593 868 1660 tabularum
889 1593 1147 1660 Heracleensium
1177 1591 1283 1677 ἅγωσα
1306 1600 1332 1674 1,
1357 1595 1412 1674 16;
1440 1592 1737 1680 dinoa1,130²⁶).
1778 1591 1846 1658 Nec
1872 1592 1975 1658 minus
1995 1591 2160 1658 Aeolidem
2183 1591 2281 1676 spirat
2393 1661 2394 1664 ,

351 1696 491 1782 vulgaris
505 1715 646 1761 consona
667 1696 684 1772 ζ
703 1693 737 1759 16
759 1696 806 1760 σδ
826 1699 1020 1781 permutata,
1042 1694 1128 1779 quod
1149 1694 1270 1760 iactum
1285 1700 1333 1761 sst
1346 1694 1397 1760 his
1418 1701 1541 1778 septem
1561 1692 1728 1778 exemplis:
1748 1694 1938 1779 κιθαρίσδειν
1958 1693 2015 1774 35;
2038 1693 2158 1757 σιαίαδει
2180 1693 2229 1774 38,
2248 1697 2278 1774 1;

351 1797 517 1885 τράπεσδαι
538 1797 588 1876 14,
613 1800 645 1877 1;
667 1795 797 1877 μάσδων
818 1799 874 1872 84;
895 1795 1109 1879 μελισδομίναι
1131 1797 1187 1876 98;
1210 1793 1341 1862 dodorus
1365 1799 1441 1878 1173
1463 1793 1583 1878 ἇγίσδιο
1607 1795 1677 1862 123.
1707 1793 1828 1873 Quibus
1848 1793 2026 1861 rationibus
2047 1801 2081 1860 st
2094 1792 2280 1860 conditioni·

351 1899 411 1966 bus
433 1899 451 1977 ζ
469 1898 502 1964 16
524 1898 565 1960 σδ
585 1895 618 1962 16
639 1896 777 1963 dialecto
800 1897 931 1965 Aeolica
951 1899 1090 1964 transire
1111 1897 1268 1982 potnerit,
1289 1897 1374 1962 idem
1395 1895 1569 1962 Ahrensins
1589 1894 1614 1976 I,
1635 1919 1666 1981 p.
1688 1897 1728 1962 41
1751 1893 1942 1980 explanarit.
1978 1893 2015 1959 In
2036 1894 2150 1962 mediis
2169 1893 2282 1960 saltem

351 1999 482 2066 vocibus
503 1999 605 2065 Dores
634 1996 653 2074 ζ
678 1995 796 2062 66616
818 1998 873 2076 σδ,
904 1998 961 2064 sed
989 1999 1023 2064 in
1044 2000 1084 2062 δδ
1104 2003 1286 2083 permutare
1313 1999 1603 2079 consueveruntv).
1645 1996 1816 2081 Digamma
1843 2017 1906 2062 non
1933 1995 2064 2061 retinnit
2089 1995 2223 2062 Alcman
2249 1994 2281 2060 in

351 2100 506 2170 vocabulo
522 2095 626 2180 ἀηδών
649 2097 698 2177 16,
719 2099 749 2178 2,
771 2099 821 2178 24,
843 2099 930 2183 qnod
951 2099 1027 2165 olim
1049 2096 1186 2182 dfqddr
1199 2099 1340 2164 sonuisse
1354 2097 1590 2183 Hesychianurn
1611 2095 1737 2180 ἇβηδών
1758 2096 1860 2163 dccet.
1896 2096 2012 2163 Utrum
2025 2095 2162 2180 denique
2174 2094 2282 2160 littera

351 2201 483 2284 procis
509 2199 622 2282 μδβισς
649 2200 691 2263 44
720 2218 737 2263 6
766 2203 891 2265 vetusto
920 2199 1114 2284 digammate
1142 2204 1219 2264 nata
1247 2219 1289 2264 66
1311 2198 1449 2285 genuina
1470 2198 1527 2281 sit,
1556 2197 1589 2264 in
1619 2197 1775 2265 vocabulo
1796 2197 1926 2284 originis
1948 2201 1981 2264 st
2001 2196 2140 2264 notionis
2160 2196 2283 2282 pariter

352 2301 508 2370 obscuras
529 2299 706 2385 dijudicare
727 2319 791 2366 666
811 2299 974 2366 audemus.

455 2500 489 2569 ¹⁸)
506 2499 542 2568 11,
559 2499 601 2554 bL
619 2527 652 2539 -
679 2497 714 2566 ¹⁸)
731 2496 782 2553 cir.
799 2497 866 2554 Ahr.
883 2497 920 2568 11,
937 2497 988 2552 155
1005 2512 1045 2567 sq.
1062 2525 1096 2538 -
1122 2497 1155 2567 ¹)
1174 2497 1242 2552 Ahr.
1258 2497 1294 2567 Π,
1310 2499 1344 2554 96
1360 2497 1445 2554 multa
1460 2497 1556 2554 laudat
1572 2497 1706 2569 exempla

353 2973 416 3072 De
444 2968 656 3068 vocalium
687 2971 733 3065 ot
762 2967 1118 3092 diphthongorum
1149 2833 1520 3065 mumtiinibmm
1551 2971 1807 3068 carminibus
1829 2969 2048 3068 AlcmanIs
2071 2971 2285 3070 exhibitis.

1073 3253 1102 3340 l)
1123 3253 1240 3321 Breues
1261 3251 1390 3320 vocales
1410 3253 1565 3320 mutatas.

453 3381 487 3453 6)
509 3400 529 3439 α
551 3395 569 3440 6
590 3395 678 3439 mors
700 3371 822 3436 Dorum
842 3368 912 3434 loco
934 3368 1073 3454 volgaris
1093 3373 1142 3453 a¹)
1163 3378 1352 3458 usurpatum
1373 3370 1423 3437 bis
1444 3372 1532 3458 apud
1550 3372 1736 3441 Alcmanem
1757 3379 1878 3442 exstat:
1900 3375 2003 3460 primo
2024 3375 2095 3442 loco
2116 3374 2150 3441 16
2170 3372 2287 3458 acrys

353 3477 382 3560 2,
407 3483 442 3558 13
463 3479 516 3558 51,
536 3475 557 3540 i.
579 3497 605 3542 6.
628 3473 749 3558 holme,
778 3469 882 3536 forma
910 3477 1007 3537 aucta
1026 3472 1221 3558 pronominis
1241 3473 1364 3558 primae
1385 3493 1558 3557 personae,
1589 3475 1705 3559 quain
1726 3497 1802 3542 voce
1823 3502 1845 3539 α
1864 3476 1974 3543 littera
1994 3503 2007 3542 6
2028 3477 2188 3562 antiquius
2210 3481 2243 3541 et
2264 3497 2287 3541 a

354 3576 562 3645 Doriensibus
583 3580 710 3641 tantum
732 3583 904 3658 servatum,
925 3597 991 3644 non
1011 3581 1163 3642 novatum
1184 3595 1253 3640 esse
1274 3595 1292 3639 6
1313 3573 1508 3641 Senseritica
1527 3574 1633 3643 torma
1646 3577 1720 3660 gha,
1741 3577 1761 3643 i.
1777 3598 1803 3643 6.
1818 3575 1872 3644 Gr.
1891 3578 1928 3661 γέ
1933 3579 1968 3660 ²),
1989 3583 2139 3664 apparet,
2161 3583 2230 3643 tum
2250 3577 2287 3642 in

353 3679 451 3757 πιάζω
473 3677 604 3762 (tulate
624 3677 691 3760 44),
712 3678 732 3744 i.
754 3701 780 3744 e.
803 3676 939 3760 uallo).
973 3677 1078 3760 Atque
1100 3702 1109 3738 ι
1132 3675 1272 3761 correpti
1293 3694 1389 3740 causa
1411 3673 1471 3740 hoc
1491 3675 1624 3742 verbum
1646 3676 1688 3742 ab
1710 3677 1822 3744 eadem
1843 3679 1942 3764 stirps
1962 3701 2028 3765 qua
2047 3687 2136 3764 πῖαρ,
2161 3675 2286 3763 πῖαρδς,

353 3773 480 3860 πιάσμα
501 3776 656 3844 deducere
677 3779 820 3863 quamvis
840 3779 893 3844 vix
914 3779 1097 3858 audeamus,
1117 3782 1225 3842 tamen
1245 3774 1279 3840 id
1300 3781 1432 3860 propter
1452 3802 1472 3840 α
1491 3775 1635 3844 litteram
1657 3776 1778 3844 formae
1797 3779 1933 3845 Doricae
1953 3802 2012 3866 pro
2034 3786 2121 3847 certo
2141 3777 2285 3845 affirma·

353 3880 468 3960 bimus,
487 3898 550 3943 non
570 3877 739 3962 probanda
759 3901 829 3946 esse
849 3901 932 3964 quas
949 3876 1188 3945 Doederleinius
1209 3875 1243 3940 in
1264 3874 1418 3960 glossario
1441 3898 1499 3943 sno
1520 3879 1698 3964 conjecerit,
1719 3901 1817 3964 quum
1837 3879 1927 3958 σιίζω
1948 3903 2006 3968 per
2026 3879 2228 3947 metathesim
2244 3901 2286 3946 ex

354 3981 446 4059 Inicus
468 3984 574 4044 ortum
595 3998 664 4044 esse
683 3981 910 4065 suspicaretur.

456 4080 493 4160 b)
515 4104 536 4141 α
553 4079 669 4146 Dorice
688 4101 748 4165 pro
770 4106 796 4160 o,
818 4079 1015 4147 siAhrensic
1037 4077 1196 4144 credimus
1205 4077 1247 4160 ⁴),
1269 4077 1405 4143 Alcman
1424 4100 1500 4145 usus
1522 4084 1571 4146 est
1592 4079 1630 4146 fr.
1651 4081 1708 4162 44,
1730 4101 1827 4166 quum
1847 4081 1945 4167 κάρρα
1964 4103 2024 4166 pro
2045 4081 2285 4166 66166ι1ιιόρση

356 4183 484 4249 diceret
529 4179 562 4245 Si
583 4201 660 4246 rara
681 4187 754 4247 sunt
775 4203 857 4266 quae
878 4181 1051 4247 Ahrensins
1072 4179 1222 4264 conjecit,
1251 4185 1386 4263 utraque
1406 4202 1468 4246 vox
1489 4179 1663 4247 derivanda
1691 4186 1740 4246 est
1762 4202 1782 4247 6
1803 4181 1912 4248 radica
1933 4181 2021 4264 kar,
2051 4183 2102 4249 cui
2131 4181 2287 4248 tondendi

356 4285 439 4351 inest
459 4280 594 4362 notior),
614 4301 697 4366 quae
718 4281 752 4347 in
772 4280 869 4348 verbo
891 4281 1015 4348 Graeco
1036 4300 1076 4345 ex
1097 4280 1208 4346 eadem
1231 4281 1339 4348 radice
1364 4287 1541 4367 propagato
1562 4281 1703 4372 alp-jor,
1724 4281 1745 4346 i.
1767 4303 1794 4348 e.
1813 4284 1910 4369 κείρω,
1932 4281 2146 4369 Α661ιιίρρω,
2169 4289 2284 4348 exstat

355 4384 500 4452 Alterum
523 4381 666 4466 ejusdem
690 4382 936 4467 permutationis
965 4379 1143 4466 exemplum
1173 4387 1257 4446 esset
1285 4403 1346 4447 vox
1367 4383 1593 4464 Σσιγανάπσδες
1611 4381 1649 4446 tr.
1674 4383 1734 4448 118
1761 4404 1821 4468 pro
1849 4383 1971 4468 vulgari
1992 4384 2225 4466 eryortnotsr,
2255 4383 2286 4450 si

356 4487 571 4571 conjecturam
593 4481 757 4566 Berghiil)
777 4482 995 4567 probaremus.
1038 4479 1142 4559 Quum
1162 4503 1238 4548 raro
1260 4490 1292 4548 et
1312 4482 1428 4549 Strabo
1441 4479 1466 4566 ²)
1488 4488 1522 4547 et
1541 4481 1734 4568 Hesychius,
1763 4505 1936 4567 equorum
1961 4483 2052 4550 libris
2073 4484 2287 4569 fragmentum

356 4585 489 4653 CXVIII
510 4606 530 4650 a
551 4583 688 4667 Berghio
709 4583 742 4649 in
762 4589 887 4649 textum
908 4605 1000 4650 snum
1022 4588 1187 4668 receptum
1208 4588 1267 4665 est,
1288 4607 1304 4646 o
1324 4581 1465 4647 litteram
1488 4582 1667 4663 exhibeant,
1688 4604 1819 4669 prorsus
1835 4607 1885 4652 me
1901 4585 1989 4666 latet,
2011 4584 2088 4670 quid
2104 4585 2286 4670 Bergidum,

355 4692 392 4752 ut
412 4709 429 4750 o
450 4685 483 4750 in
504 4711 525 4748 α
546 4690 694 4766 mutaret,
716 4685 928 4750 commoverit

458 4785 490 4872 c)
511 4811 524 4850 ι
544 4785 673 4852 litteras
695 4786 741 4867 ιθ)
762 4784 898 4850 Alcman
917 4785 1027 4849 inuno
1046 4781 1228 4866 Ἐσσηδόνες
1247 4782 1285 4850 fr.
1301 4784 1369 4864 136,
1391 4787 1515 4850 nomine
1530 4785 1632 4870 gentis
1646 4785 1820 4871 cujusdam,
1837 4807 1920 4870 quae
1935 4787 2098 4874 areliquis
2117 4785 2287 4871 Ἰσσηδόνες

354 4895 496 4970 vocatur,
516 4887 680 4972 praetulit.
720 4886 764 4952 At
784 4885 967 4952 femininam
989 4884 1083 4968 hujus
1103 4886 1241 4952 nummis
1261 4884 1396 4951 formam
1424 4886 1521 4952 etiam
1544 4885 1599 4951 alii
1625 4885 1797 4970 scriptores
1823 4885 2011 4970 Ἐσσηδσνίς,
2036 4911 2101 4958 666
2118 4887 2289 4972 Ἰσσηδονίς

354 4989 503 5056 videntur
523 4988 686 5072 scripsisse
696 4986 732 5072 ⁹).

457 5088 617 5172 (061666
638 5087 779 5171 vulgaris
800 5112 813 5151 ε
835 5123 876 5137 -
898 5087 989 5171 cujus
1017 5087 1203 5152 mutationis
1224 5084 1370 5170 exempla
1398 5085 1554 5152 dialectns
1583 5109 1680 5172 quum
1701 5087 1832 5170 Dorica,
1860 5094 1928 5155 tum
1955 5089 2099 5176 inprimis
2126 5090 2290 5158 Laconica

355 5191 436 5260 satis
456 5190 559 5258 multa
579 5187 715 5275 praebet
727 5189 766 5269 ¹⁰)
788 5223 828 5235 -
850 5187 892 5254 ab
913 5188 1066 5254 Alcmana
1094 5186 1228 5272 legimus
1255 5193 1444 5272 usurpatum
1470 5188 1502 5253 in
1530 5187 1686 5254 vocabulo
1709 5187 1782 5266 σιός,
1803 5188 1823 5253 1.
1846 5211 1874 5256 6.
1895 5189 1968 5267 aa
1995 5193 2084 5274 (σιῶν
2106 5193 2154 5272 16,
2178 5196 2205 5272 1,
2230 5196 2288 5272 14;

463 5490 483 5560 ¹)
500 5489 635 5560 Exempla
658 5489 743 5544 multa
764 5487 862 5544 laudat
878 5488 946 5542 Ahr.
963 5488 1005 5554 11,
1027 5489 1077 5544 113
1099 5503 1140 5557 sq.
1164 5518 1198 5529 -
1226 5489 1246 5557 ¹)
1265 5488 1338 5543 061.
1360 5489 1424 5556 469;
1441 5489 1509 5544 Ahr.
1525 5489 1566 5558 11,
1588 5490 1648 5546 248.
1670 5519 1704 5531 -
1731 5491 1753 5560 ³)
1770 5489 1818 5547 cir.
1841 5491 1908 5547 Ahr.
1925 5491 1965 5561 Π,
1982 5493 2042 5549 116.
2063 5521 2097 5536 -·
2123 5493 2145 5562 ⁴)
2162 5493 2205 5562 II,
2221 5495 2290 5551 120:

358 5573 445 5643 ιιιίρρα
461 5573 581 5631 sommae
598 5590 649 5643 pro
666 5573 759 5642 ιιόρση.
776 5601 811 5614 -
838 5573 860 5640 ⁵)
877 5572 952 5626 cnrt.
968 5588 995 5642 p.
1013 5571 1071 5627 136.
1088 5599 1122 5610 -
1149 5572 1253 5641 α1111.
1271 5573 1318 5628 Gr.
1335 5573 1385 5642 111,
1401 5589 1428 5642 p.
1445 5572 1509 5628 865:
1531 5573 1646 5628 Alcman
1662 5582 1754 5630 autam
1769 5591 1824 5630 non
1841 5574 1894 5629 hac
1910 5575 1997 5631 torna
2009 5576 2118 5633 videtur
2128 5593 2196 5632 usus
2215 5593 2294 5650 esse,

357 5658 410 5718 aad
425 5665 475 5714 sut
490 5655 693 5726 transductae
711 5665 758 5713 aut
775 5655 962 5726 eryrdrcdoee
979 5655 1057 5711 dixit.
1073 5683 1108 5696 -
1136 5656 1156 5725 1)
1167 5657 1191 5725 1,
1208 5656 1250 5711 43.
1268 5657 1293 5726 7,
1309 5657 1368 5714 239.
1386 5687 1417 5697 -
1444 5657 1465 5727 ⁸)
1478 5656 1528 5712 cfr.
1543 5657 1612 5714 Ahr.
1629 5659 1666 5728 II,
1682 5659 1742 5727 120,
1759 5659 1806 5728 qui
1819 5659 1939 5721 Σεκυσίν,
1956 5660 1974 5716 1.
1984 5675 2009 5717 a.
2027 5659 2140 5724 Σικυών,
2151 5661 2242 5720 affert.
2254 5691 2294 5706 -ι

360 5743 381 5814 ¹)
397 5743 437 5799 St.
453 5742 486 5800 Β.
503 5759 529 5800 v.
547 5741 710 5812 Ἰσσηδδνσεε
728 5740 878 5808 sistamur
895 5741 926 5794 ht
943 5737 959 5809 ι)
978 5737 1089 5807 δευτέρα
1107 5737 1160 5808 παῤ
1177 5737 1263 5797 citiore
1280 5739 1322 5794 διὰ
1338 5746 1385 5795 rori
1401 5747 1425 5794 1.
1442 5769 1475 5782 -
1503 5744 1537 5810 ¹⁰)
1552 5742 1688 5814 Exempla
1704 5750 1814 5801 6161661
1828 5759 1871 5814 ap.
1887 5744 1955 5800 Ahr.
1971 5743 2008 5814 ΙΙ,
2024 5745 2075 5801 121
2091 5759 2133 5816 tq.
