4988 6824
1186 671 1208 736 8

332 851 485 938 ELydia
505 850 655 934 Alcman,
683 853 868 938 priusquam
893 853 1150 940 pubesceret20),
1180 857 1332 944 Spartam
1353 859 1509 928 deductus
1530 865 1593 940 est,
1622 881 1679 925 seu
1701 863 1843 947 captivus
1872 883 1928 930 seu
1950 883 2047 948 quam
2068 865 2168 932 aliam

231 953 377 1020 fortunae
401 954 563 1038 jacturam
588 975 773 1040 perpessus,
800 953 908 1039 ibique
935 955 1064 1040 aliquod
1092 965 1217 1046 tempus
1247 963 1346 1030 vitam
1374 960 1518 1028 servilem
1547 960 1580 1025 in
1609 960 1703 1028 domo
1733 963 1890 1048 Agesidae
1912 963 2063 1049 Spartani
2090 967 2165 1052 egit

233 1054 322 1134 Quae
349 1075 448 1140 quum
476 1055 657 1122 testimonio
683 1053 747 1120 fide
776 1053 958 1140 dignissimo
988 1057 1179 1128 Heraclidae
1207 1062 1383 1144 Pontiei²¹)
1411 1062 1602 1142 niterentur,
1631 1063 1705 1146 jure
1733 1085 1755 1130 a
1782 1063 1919 1148 Bergida
1929 1066 1971 1146 ²²)
1999 1085 2083 1149 quae
2109 1073 2164 1135 ten

231 1155 586 1239 assumensque
613 1175 693 1220 novo
719 1153 805 1221 illius
833 1155 953 1223 domini
974 1157 1125 1242 Spartani
1153 1165 1280 1230 nemine
1308 1185 1342 1229 se
1370 1163 1527 1248 reperisse
1552 1161 1766 1247 profitebatur
1792 1163 1934 1232 refutata
1961 1170 2046 1232 sunt.
2088 1165 2165 1234 lon

231 1277 306 1323 vero
328 1255 462 1322 Meman
482 1261 516 1322 et
536 1261 707 1340 antequam
727 1257 761 1321 in
781 1257 851 1341 ipso
872 1258 988 1324 aetatis
1007 1258 1087 1327 flore
1108 1271 1191 1330 esset
1211 1265 1243 1332 in
1263 1264 1446 1331 libertatem
1466 1262 1644 1330 vindicatus
1666 1269 1727 1345 est,
1749 1263 1835 1348 quod
1856 1285 1922 1332 non
1942 1273 2010 1332 tarn
2031 1273 2164 1353 propter

231 1359 391 1444 poeticam
412 1358 480 1442 ejus
502 1355 641 1422 indolem
661 1355 783 1422 laetum
805 1379 874 1424 esse
894 1361 1080 1444 putaverim,
1102 1385 1199 1447 quam
1221 1365 1307 1450 quod
1328 1365 1468 1432 musicae
1489 1363 1568 1429 artis
1590 1369 1673 1430 esset
1693 1364 1912 1448 peritissimus.
1949 1367 2020 1446 Qua
2039 1369 2072 1434 in
2094 1376 2164 1438 arte

231 1459 266 1525 id
287 1458 412 1524 videtur
433 1457 619 1543 appetiisse,
648 1463 698 1539 ut,
727 1457 872 1542 quamvis
893 1467 1020 1526 caveret
1040 1483 1080 1528 ue
1101 1466 1258 1547 gravitate
1280 1473 1312 1532 et
1333 1466 1536 1551 simplicitate
1564 1464 1698 1549 antiqua
1722 1465 1791 1549 jam
1812 1461 1998 1552 Terpandro
2025 1468 2165 1554 probata

232 1558 408 1640 excederet,
428 1565 537 1626 tamen
557 1559 713 1626 novitates
734 1557 890 1642 quasdam
912 1563 1105 1629 amoenitate
1125 1563 1259 1632 refertas
1281 1566 1471 1632 admisceret
1480 1567 1534 1648 ²⁴).
1578 1564 1648 1643 Quo
1668 1565 1703 1630 in
1724 1587 1819 1650 opere
1832 1567 1962 1652 adjutum
1976 1569 2044 1636 sine
2065 1569 2164 1640 dubio

231 1667 280 1728 est
299 1659 404 1745 Lydia
424 1681 483 1728 sua
503 1659 632 1744 origine,
653 1681 750 1745 quum
772 1679 793 1724 a
813 1661 921 1745 pueris
941 1662 1023 1747 Lydi
1043 1665 1164 1732 musica
1185 1673 1254 1732 arte
1276 1666 1375 1732 imbui
1396 1665 1537 1732 solerent
1545 1666 1596 1746 ²⁵).
1647 1664 1846 1750 Quamquam
1868 1667 1901 1734 id
1923 1689 2049 1754 quoque
2069 1671 2163 1740 nobis

230 1781 416 1848 persuasum
437 1765 495 1842 est,
517 1781 691 1844 numquam
713 1761 898 1828 Alemonam
919 1763 1032 1830 modos
1052 1764 1193 1833 Graecos
1211 1788 1343 1852 prorsus
1363 1767 1545 1852 reliquisse,
1566 1787 1739 1850 numquam
1759 1767 1870 1854 lingua
1891 1768 2031 1836 barbara
2058 1793 2161 1853 nsum,

229 1883 403 1949 numquam
430 1861 560 1928 desiisse
589 1860 793 1946 discipulum,
821 1862 990 1946 famulum,
1018 1873 1124 1932 vatem
1145 1887 1308 1933 musarum
1329 1866 1525 1933 Graecarum
1544 1870 1673 1948 νοντ’).
1716 1867 1804 1933 Tunc
1824 1867 1945 1935 iactum
1966 1875 2024 1952 est,
2045 1879 2082 1938 nt
2102 1894 2161 1940 no·

228 1986 301 2032 men
320 1963 457 2050 Lydium
477 1961 569 2030 uobis
588 1983 653 2028 non
674 1962 836 2045 traditum,
857 1963 944 2049 quod
964 1963 994 2030 ei
1014 1987 1115 2050 usque
1128 1968 1171 2034 ad
1192 1968 1253 2034 boe
1273 1973 1398 2052 tempus
1418 1966 1609 2033 iuerateum
1624 1968 1760 2052 genuino
1775 1967 1934 2052 Spartano
1948 1969 2160 2058 Ἀλστμάωνλῐ)

230 2066 296 2132 sive
314 2063 516 2147 Zbrpdrss),
539 2060 622 2148 quae
643 2070 692 2130 est
713 2062 817 2130 forma
838 2085 877 2130 ax
896 2062 1057 2146 Ἀλκμάων
1077 2075 1242 2134 eontracta
1263 2068 1423 2134 solennior
1444 2074 1477 2134 et
1496 2075 1624 2153 praeter
1645 2089 1742 2152 qaam
1764 2069 1861 2134 etiam
1882 2071 1979 2136 tertia
2000 2073 2160 2157 quaedam

230 2172 263 2233 et
276 2167 436 2233 calonico
452 2163 605 2247 Ἀλκμέων
613 2167 656 2247 ”)
679 2163 837 2231 exstitisse
859 2164 992 2246 videtur,
1013 2175 1211 2252 permutaret
1231 2177 1263 2235 et
1283 2168 1410 2234 civitate
1426 2167 1586 2253 Spartana
1602 2169 1776 2235 donaretur
1787 2169 1840 2252 ὀ).
1884 2169 1967 2237 (livia
1987 2172 2043 2239 ubi
2056 2173 2162 2242 faetus

229 2272 295 2348 est,
324 2265 455 2332 Μιοσύο
483 2273 540 2334 aut
561 2265 674 2332 Μισύα
692 2264 792 2331 tribui
814 2273 864 2332 est
884 2267 1048 2350 addictus,
1070 2291 1109 2335 ex
1138 2291 1202 2356 quo
1220 2270 1293 2354 jure
1313 2267 1374 2332 dud
1395 2269 1594 2352 Msoodeefl)
1618 2269 1681 2335 dici
1701 2276 1837 2356 poterat.
1880 2270 1959 2338 Rem
1979 2273 2027 2338 ita
2047 2295 2082 2340 se
2103 2275 2161 2341 ba·

228 2366 335 2434 baisse
355 2387 415 2434 nec
435 2367 495 2434 sub
515 2386 592 2433 voce
614 2366 747 2431 Μισσύα
774 2366 815 2433 da
834 2367 905 2434 vieo
933 2367 1075 2452 ejusdem
1104 2369 1239 2436 nominis
1260 2370 1418 2436 Laconico
1440 2407 1481 2419 -
1503 2370 1589 2454 quod
1616 2370 1731 2436 saltem
1756 2371 1852 2438 licere
1874 2371 1910 2438 Ο.
1932 2371 2104 2442 Muellerus
2115 2377 2160 2461 ³²)

227 2467 394 2534 Welelrero
414 2473 629 2548 concesserat,
650 2501 693 2514 —
720 2466 778 2534 sed
807 2467 847 2534 de
874 2468 961 2534 tribu
989 2468 1151 2554 Spartana
1178 2470 1384 2554 cogitandum
1412 2469 1730 2554 esssstrabonev),
1759 2469 1922 2558 Stephano
1944 2473 2161 2561 Byzantio⁸⁴),

226 2567 388 2636 Pausania
396 2568 439 2652 ⁸⁵)
460 2567 597 2635 testibus
616 2567 666 2635 usi
687 2569 873 2635 censuimus.
2087 2563 2096 2578 '

330 2669 506 2735 Floruisset
526 2676 634 2736 autem
655 2669 798 2752 Alcman,
819 2670 848 2735 si
869 2669 1018 2736 chronico
1031 2669 1162 2738 Eusebii
1183 2671 1367 2757 Hieronymi
1377 2671 1419 2754 ¹⁶)
1442 2671 1651 2754 crederemus,
1673 2693 1759 2739 anno
1780 2671 1825 2738 IV
1846 2672 2036 2759 olympiadis
2056 2675 2158 2760 XXX,

228 2770 283 2854 qui
304 2789 421 2851 annus,
449 2791 546 2854 quum
575 2770 608 2836 in
629 2791 760 2854 regnum
781 2769 898 2857 Ardyis
917 2770 1002 2856 regis
1024 2805 1064 2820 -·-
1085 2772 1199 2840 vitais
1227 2773 1364 2839 excessit
1391 2792 1420 2838 a
1449 2770 1613 2837 DOXXIX
1634 2792 1662 2838 a.
1685 2771 1758 2840 (lbr.
1780 2795 1827 2854 n.,
1848 2807 1890 2822 ·-
1912 2796 1976 2860 quo
2006 2783 2160 2860 regnante

227 2870 369 2936 floruisse
389 2869 545 2952 traditur,
572 2868 751 2952 incederet,
781 2871 909 2936 minime
929 2871 1047 2938 Soidae
1074 2873 1256 2954 testimonio
1284 2873 1524 2954 adversaretur,
1554 2873 1608 2957 qui
1637 2873 1823 2940 Alemonam
1851 2875 1978 2941 circiter
2005 2876 2159 2963 olympia·

228 2971 301 3038 dem
329 2969 451 3036 XXVII
485 2969 584 3036 fuisse
619 2977 730 3036 narrat
747 2971 799 3054 ³¹).
843 2971 932 3050 Quae
961 2995 1058 3058 quom
1094 2973 1315 3059 perpendisset
1347 2973 1547 3054 walcherus,
1586 2974 1760 3042 arbitratos
1796 2981 1844 3042 est
1873 2975 2059 3044 Alcmenam
2087 2978 2158 3063 jam

228 3092 312 3140 anno
335 3071 479 3138 DOLXX
499 3093 529 3139 a
544 3069 616 3138 chr.
633 3093 662 3138 u.
682 3072 819 3156 viguisse
830 3073 883 3156 ³⁸).
912 3072 979 3138 Nos
1001 3079 1126 3156 autem,
1147 3075 1175 3140 si
1195 3095 1277 3160 quae
1299 3074 1416 3140 diserte
1438 3074 1629 3140 Plutarchus
1639 3076 1681 3158 ³⁹)
1705 3075 1745 3141 ds
1766 3076 1834 3160 ejus
1856 3083 1964 3143 aetate
1986 3078 2159 3146 memoriae

227 3172 371 3254 tradidit,
394 3174 567 3240 secundum
588 3194 684 3258 quem
705 3180 739 3238 at
759 3173 891 3240 Alcman
913 3179 946 3239 et
957 3173 1115 3242 Pindarus
1129 3175 1323 3261 Polymnesti
1341 3175 1453 3240 musici
1466 3175 1500 3240 in
1515 3175 1681 3242 cantilenis
1696 3177 1762 3242 suis
1778 3176 1971 3243 mentionem
1986 3175 2159 3262 faciebant,

227 3275 335 3341 animo
355 3274 520 3341 nobiseum
541 3273 806 3360 reputaverimus,
835 3274 863 3340 si
882 3295 979 3360 porro
1005 3276 1308 3343 consideraverimus
1334 3275 1421 3342 hunc
1441 3274 1679 3360 Polymnestum
1705 3274 1740 3340 in
1760 3276 1928 3342 Thaletem
1956 3277 2082 3344 cireItar
2103 3299 2159 3345 an·

227 3398 304 3442 num
325 3375 441 3442 DCXX
461 3375 626 3442 florentem
636 3376 678 3458 ⁴⁰)
692 3375 953 3442 Lacedaemoniis
967 3397 1097 3444 carmen
1111 3377 1269 3463 pepigisse
1279 3377 1332 3460 ⁴¹),
1354 3397 1392 3442 eo
1405 3377 1512 3460 potins
1524 3375 1753 3458 inclinabimus,
1769 3383 1805 3442 ut
1819 3397 1891 3444 eum
1905 3376 1944 3443 Ο.
1958 3375 2111 3445 Muellero
2126 3384 2161 3446 et

227 3477 387 3544 nonnullis
400 3476 559 3543 veteribus
575 3475 735 3541 annalium
757 3481 791 3542 et
804 3482 984 3562 temporum
1006 3477 1214 3563 scriptoribus
1225 3477 1267 3562 ⁴²)
1283 3477 1444 3542 Alemanis
1456 3475 1567 3542 dorem
1587 3477 1619 3542 in
1634 3477 1846 3563 olympiadem
1870 3477 1959 3542 XLII
1975 3479 2024 3544 vel
2040 3499 2160 3546 annum

228 3577 347 3644 DGXII
364 3599 391 3642 a.
408 3576 481 3643 (ihr.
495 3600 524 3643 n.
537 3575 775 3644 transferamus.
804 3576 875 3643 Hoc
888 3600 963 3644 vero
979 3579 1076 3645 estid
1091 3586 1301 3664 tempusque
1316 3576 1481 3644 Messeniis
1496 3577 1664 3644 debellatis
1679 3576 1830 3663 Spartani
1844 3580 1909 3645 otio
1928 3579 2158 3664 jucundissimo

228 3685 261 3744 et
277 3700 395 3764 magua
407 3679 491 3744 vitae
505 3677 738 3762 tranquillitate
751 3677 1003 3764 fruebantur⁴³).
1033 3679 1104 3746 Huc
1118 3680 1242 3746 aceedit
1263 3679 1349 3766 quod
1372 3699 1442 3745 cum
1465 3677 1527 3744 boe
1548 3686 1691 3764 tempore
1712 3677 1834 3762 κέλητος
1851 3678 1999 3744 Ἐνττικού
2020 3681 2159 3748 conciuit

228 3779 362 3860 mentio,
387 3799 484 3864 quam
505 3786 603 3864 poeta
622 3779 700 3846 facit
720 3779 753 3844 in
774 3779 952 3866 fragmento
971 3802 1073 3866 nuper
1094 3779 1221 3846 demum
1243 3787 1335 3846 eruto
1348 3783 1406 3862 “);
1435 3799 1509 3846 narn
1540 3778 1667 3846 demum
1694 3779 1737 3846 ab
1765 3781 1947 3867 olympiade
1968 3781 2106 3848 XXXIII
2126 3782 2159 3848 in

332 4115 366 4182 ὀ)
384 4115 411 4166 sl
426 4115 475 4178 pir
492 4113 523 4166 lu
541 4111 606 4176 ύμῖν
623 4115 673 4181 (se.
690 4113 816 4184 Spartae)
834 4114 993 4184 λιριφύμην,
1010 4115 1054 4171 Al.
1070 4116 1132 4170 Aet.
1148 4114 1166 4170 l.
1184 4129 1206 4170 a.
1223 4131 1247 4170 e.
1263 4145 1297 4154 -
1322 4117 1355 4181 ἰ)
1373 4113 1407 4170 de
1424 4113 1482 4170 reb.
1498 4113 1573 4184 publ
1591 4113 1624 4168 fr.
1641 4115 1658 4168 λ
1674 4115 1703 4170 in
1718 4114 1815 4170 Muell.
1832 4113 1866 4172 tr.
1884 4115 1911 4172 b.
1930 4117 1977 4172 Gr.
1994 4115 2030 4184 11,
2047 4131 2074 4186 p.
2091 4113 2157 4174 210:

229 4199 277 4270 τὴν
294 4197 512 4261 Δακεδαιμονίων
528 4201 659 4250 soleratas
676 4199 743 4253 τινὸτ
762 4198 911 4270 Λυκούργῳ
929 4199 1111 4266 προσάπτουσι
1129 4205 1222 4250 πᾶσαν·
1239 4195 1254 4251 d
1269 4197 1299 4252 dd
1315 4195 1427 4261 Ἀλκμὰν
1441 4199 1542 4266 οἰκέτης
1556 4191 1591 4266 ἦν
1607 4195 1739 4267 ’Areatas
1757 4197 1862 4265 ιύφυὴτ
1881 4199 1911 4254 di
1928 4195 2159 4268 ύυῆλτυθτρύθη

229 4287 271 4338 και
290 4281 395 4351 τοιητητ
413 4280 512 4350 ιλτέβη,
531 4281 693 4351 quibuscum
704 4281 829 4340 conferas
845 4283 929 4352 ἄχθου
947 4279 1106 4350 ύτορῤιυατ,
1120 4281 1235 4338 Leonid.
1253 4281 1271 4336 l.
1289 4298 1321 4352 ο,
1338 4280 1389 4334 ἀπὸ
1407 4283 1526 4344 alcoran,
1544 4281 1621 4338 Suid.
1637 4282 1655 4338 l.
1673 4299 1696 4338 e.
1713 4312 1747 4323 -
1765 4286 1799 4351 ¹¹)
1818 4283 2159 4353 Philol.XX11,1sq.-

229 4369 264 4439 ⁸³)
281 4366 381 4422 Philol.
398 4367 471 4436 XXI,
488 4367 546 4422 126.
564 4393 596 4406 -
617 4368 649 4432 ²⁴)
667 4367 822 4423 Plutum.
840 4369 885 4424 12:
909 4369 1056 4422 desedisse
1074 4369 1116 4420 nal
1136 4368 1197 4434 sepi
1216 4372 1267 4418 rclv
1286 4363 1499 4436 ύυθμολνλύγοι·
1525 4368 1589 4436 γένη
1605 4369 1655 4434 γάρ
1669 4387 1723 4419 τινα
1741 4368 1784 4420 καλ
1802 4369 1863 4437 side)
1881 4367 1996 4436 ρυθμαλν
2013 4368 2159 4434 προσεξαν-

230 4453 308 4521 ρέθη,
325 4446 388 4504 dud
404 4449 457 4518 μὴν
474 4452 516 4502 καὶ
534 4454 680 4512 μελοποιῶν
698 4469 724 4504 τα
741 4453 783 4502 καλ
803 4449 986 4517 δυθματτοιολν,
1006 4453 1120 4518 προτέρα
1137 4452 1187 4514 μὸν
1203 4447 1282 4520 γὰρὴ
1299 4451 1474 4518 Τερπάνδρου
1487 4455 1636 4514 καινοτομία
1648 4449 1728 4503 κσλύν
1741 4471 1796 4504 τινα
1808 4453 1907 4518 τρόπον
1921 4453 1961 4507 sle
1972 4449 2160 4520 τὴνμουσιιιὴν

227 4537 363 4606 sloq'yoys·
384 4533 571 4603 Πολύμνηστον
594 4533 625 4586 dl
641 4531 703 4596 μετὰ
721 4532 767 4585 τὸν
787 4534 985 4602 Ταραύυδριιον
1001 4534 1109 4602 τρύκον,
1130 4529 1151 4605 ᾦ
1169 4537 1212 4587 καλ
1225 4533 1360 4604 ἐχρήσατο,
1379 4535 1422 4588 καὶ
1435 4532 1512 4588 oderis
1525 4535 1613 4598 μέντοι
1628 4533 1751 4600 ύχόμινοτ
1768 4541 1814 4588 τοῦ
1825 4539 1905 4588 καλοῦ
1924 4536 2016 4595 τύπου,
2034 4533 2159 4591 nicodeme

230 4623 259 4677 tl
277 4622 320 4674 καλ
342 4619 455 4688 Θαλήταν
472 4621 514 4672 καλ
533 4618 670 4672 Σακάδου·
695 4616 807 4687 καὶγὰρ
825 4611 898 4671 ούτσι
921 4619 984 4672 nord
1004 4640 1035 4689 γα
1053 4617 1096 4674 rte
1116 4617 1293 4686 ῥυθμοποιίας
1311 4619 1412 4689 ἱκανοί,
1435 4615 1483 4672 υύκ
1501 4619 1670 4686 ἐκβαίνοντας
1693 4621 1743 4681 μὲν
1761 4620 1903 4673 radestad
1926 4621 2017 4673 τύπου.
2036 4621 2106 4673 ἔστι
2124 4617 2160 4672 δύ

229 4725 275 4762 res
297 4700 486 4772 Ἀλκμανικὴ
508 4707 709 4766 καινοτομία
735 4704 798 4772 (καὶ)
819 4702 1016 4772 Στησιχόρειος,
1040 4708 1082 4757 καλ
1100 4704 1177 4756 cerel
1199 4700 1247 4756 υύκ
1269 4701 1422 4768 desererer
1446 4709 1494 4756 τού
1515 4707 1603 4756 καλου.
1621 4735 1654 4745 -
1674 4703 1707 4772 ¹⁰)
1720 4703 1859 4760 Waleker.
1877 4704 1895 4759 l.
1906 4719 1929 4760 e.
1946 4721 1974 4774 p.
1988 4704 2014 4760 6.
2043 4701 2160 4774 Lydiam

227 4788 337 4846 redolet
351 4789 383 4843 ir.
399 4789 445 4844 82:
468 4787 587 4857 Φρύγιον
604 4785 719 4854 σύλησιν
735 4788 811 4850 μέλοι
830 4788 993 4857 Καρβήσισν.
1009 4817 1040 4828 -
1060 4789 1093 4856 ”)
1105 4789 1147 4840 καλ
1164 4787 1274 4844 Μούσας
1292 4787 1376 4854 ἐδάην
1392 4785 1550 4857 Ἑλληνιύατ,
1568 4803 1592 4842 v.
1603 4802 1686 4857 supra
1701 4803 1729 4856 p.
1742 4789 1767 4843 2.
1782 4817 1814 4828 -
1833 4790 1867 4856 ¹²)
1881 4795 1931 4840 νου
1948 4789 1978 4840 di
1988 4805 2031 4850 μοι
2047 4785 2160 4850 alapas

228 4873 329 4938 οὕνομα
345 4872 382 4928 ib.
399 4901 432 4914 -
450 4873 484 4940 ¹¹⁸)
496 4871 596 4928 dread.
612 4889 639 4942 p.
657 4872 681 4926 la
704 4871 772 4926 Abr.
790 4874 824 4928 D.
841 4873 874 4928 D.
893 4871 918 4942 ἓ.
934 4874 976 4942 94,
994 4873 1018 4930 b.
1043 4872 1148 4928 Welels
1166 4889 1192 4941 p.
1210 4873 1235 4926 1.
1252 4899 1285 4912 -
1304 4874 1337 4940 ”)
1355 4871 1486 4941 Hesycb.=
1504 4868 1662 4934 Ἀλκμέωνα·
1681 4869 1727 4924 τὸν
1744 4869 1879 4936 Ἀλτμσνοι
1898 4867 2158 4928 occaecasset

226 4957 309 5016 linea.
327 4985 359 4996 -
395 4957 428 5021 ⁸⁰)
448 4958 490 5009 καλ
507 4955 634 5028 ΧΣιτύρτατ
652 4957 706 5019 ιλμι
725 4960 829 5024 πολιτην
846 4973 873 5026 p.
890 4959 916 5014 2.
933 4987 967 4999 -
1002 4957 1036 5026 Ἰ)
1055 4957 1087 5012 Ο.
1104 4956 1205 5012 Μυολλ.
1221 4955 1239 5010 l.
1257 4971 1280 5010 e.
1296 4971 1323 5024 p.
1339 4955 1399 5024 349,
1415 4961 1483 5010 not:
1501 4956 1599 5008 Mesoa
1616 4970 1672 5010 war
1694 4955 1756 5012 eine
1780 4956 1830 5012 dar
1851 4957 1959 5029 Phylen
1980 4972 2033 5012 von
2051 4955 2160 5026 Sparta,

228 5043 274 5100 die
300 5041 349 5098 aul
362 5040 565 5110 Abtbellungcn
588 5039 639 5095 der
656 5039 735 5096 Stadt
756 5039 901 5096 berubten.
935 5042 1103 5096 Memoratur
1125 5041 1206 5096 etiam
1227 5039 1301 5105 λόχοι
1324 5037 1463 5106 Μισούτητ
1485 5038 1513 5093 in
1535 5039 1623 5094 sobol.
1641 5039 1727 5096 Thoe
1744 5039 1777 5110 4,
1793 5041 1811 5096 8
1833 5048 1862 5096 ct
1882 5040 1982 5109 legiler
2001 5038 2159 5108 Μτσσοάτηι

228 5125 480 5196 e.1.1,1aae.-
515 5127 549 5193 ⁸²)
569 5125 600 5180 0.
618 5123 714 5180 Muell.
729 5124 748 5180 l.
766 5141 801 5180 e.:
828 5126 907 5181 Docb
923 5126 1026 5181 konnte
1044 5125 1128 5180 damit
1150 5124 1220 5180 aueb
1237 5139 1289 5179 nur
1308 5123 1358 5178 dar
1374 5123 1514 5178 Wobnort
1528 5123 1659 5179 Alkmaus
1681 5124 1710 5179 in
1733 5124 1836 5180 diesem
1854 5123 1977 5178 Flecken
1993 5123 2160 5180 bezeicbnet

226 5213 295 5270 sein.
312 5239 345 5252 -
369 5209 402 5278 ¹²)
421 5207 510 5264 Strab.
526 5209 545 5263 I.
564 5225 601 5262 c.:
621 5207 751 5262 Μοσσύαν
768 5208 801 5264 ού
819 5210 862 5278 rq's
879 5210 965 5277 χύρατ
982 5204 1052 5262 εἶναι
1069 5211 1156 5275 μέρος,
1175 5205 1237 5261 ἀλλὰ
1254 5215 1298 5276 τῆς
1312 5205 1579 5276 Σαύρται,καθύιτιρ
1598 5209 1641 5260 καλ
1654 5205 1681 5260 τύ
1693 5211 1833 5272 Λιμναῖον.
1850 5237 1883 5249 -
1907 5208 1940 5275 ²⁴)
1959 5205 2158 5264 1.ο,;ύστικα1

228 5294 300 5364 φυλὴ
317 5291 466 5359 Λακωνική.
484 5321 517 5333 -
553 5291 736 5362 ³⁸)3,16,9:
764 5302 837 5348 τουτο
856 5295 886 5348 δὲ
904 5295 931 5348 ol
949 5296 1075 5358 Λιμνᾶται
1094 5293 1266 5357 Σπαρτιατῶν
1283 5293 1326 5344 καὶ
1346 5296 1532 5357 Κυνοσουρεῖς
1556 5293 1599 5344 καλ
1623 5293 1652 5343 ἐκ
1672 5291 1780 5348 Μισύατ
1798 5311 1823 5344 τι
1841 5292 1883 5343 καλ
1903 5289 2016 5360 Πιτάνην
2034 5290 2158 5354 θύονται,

227 5395 298 5450 quoe
316 5377 406 5433 omnia
427 5376 537 5430 nomina
554 5375 665 5430 fuerunt
680 5375 798 5432 tdbnum
816 5379 1018 5448 Spartanorum.
1036 5407 1068 5416 -
1098 5377 1131 5445 ⁸⁰)
1149 5375 1258 5432 Walck.
1275 5393 1302 5446 p.
1319 5377 1344 5432 7.
1360 5406 1395 5417 -
1422 5377 1455 5444 ”)
1475 5374 1551 5431 Suid.
1567 5375 1586 5430 1.
1604 5391 1641 5431 a:
1660 5368 1694 5442 ἦν
1711 5376 1742 5427 tl
1759 5376 1803 5428 ἐτι
1822 5381 1865 5444 τητ
1883 5373 1922 5441 κζ
1940 5371 2109 5438 ύλυμττάδοτ.
2123 5401 2159 5416 -

229 5467 264 5533 ³⁸)
281 5463 299 5519 l.
317 5479 340 5519 a.
357 5477 384 5532 p.
401 5461 430 5516 I:
449 5461 564 5516 Alcman
581 5459 675 5516 floruit
692 5461 767 5516 eirca
784 5477 808 5517 a.
825 5463 877 5518 670
894 5477 918 5517 a.
937 5463 1000 5518 Ohr.
1017 5478 1044 5516 n.
1062 5489 1096 5502 ··-
1131 5462 1165 5530 ³⁰)
1182 5475 1250 5514 mus.
1267 5459 1297 5515 b:
1322 5465 1368 5512 τοῦ
1386 5460 1415 5513 dd
1433 5458 1624 5526 Πολυμνήστου
1647 5463 1689 5512 καλ
1708 5458 1844 5526 Πίνδαρον
1861 5461 1905 5512 καὶ
1924 5456 2043 5521 Ἀλκμάν,
2061 5459 2088 5511 ol
2105 5464 2159 5511 τολν

226 5552 312 5612 aetolo
330 5553 442 5615 ποιηταί,
460 5543 670 5615 ἐμνημόνευσαν.
689 5575 723 5586 -
752 5547 787 5612 ⁴⁰)
805 5545 837 5600 Ο.
854 5545 948 5600 Muell.
967 5544 985 5599 l.
1005 5561 1028 5600 c.
1044 5561 1071 5614 p.
1088 5545 1148 5600 286.
1170 5575 1204 5586 -
1239 5545 1274 5613 ⁴¹)
1291 5544 1373 5599 Paua.
1391 5545 1475 5614 1,14,
1492 5543 1521 5598 4:
1548 5542 1647 5611 θύλητα
1671 5541 1702 5594 tl
1723 5536 1797 5596 rivel
1817 5561 1882 5613 φησι
1903 5541 2053 5609 Γορτύνιον
2072 5541 2157 5595 Πολύ·

226 5648 339 5698 μνασιοτ
360 5630 533 5696 Κολοφύνιαι
556 5633 605 5698 ὅπη
624 5631 844 5692 Δακτύαιμονιοιτ
866 5629 894 5684 ds
916 5627 1000 5682 αύτύν
1017 5629 1136 5697 ποιήσαι.
1158 5659 1192 5671 -
1226 5629 1261 5699 ⁴¹)
1279 5627 1382 5685 Euaeb.
1404 5629 1440 5684 ad
1458 5628 1493 5684 ol.
1509 5627 1601 5683 XLII:
1624 5625 1734 5689 ’Δλκμᾶν
1756 5627 1820 5681 καιύ
1842 5647 1913 5683 τινατ
1935 5627 2102 5697 hamelino.
2123 5653 2158 5668 -

227 5717 261 5787 u)
280 5715 312 5774 0.
329 5716 424 5772 Muell.
440 5716 459 5771 l.
476 5731 500 5771 t.
518 5743 552 5758 -
585 5716 620 5800 2⁴)
638 5714 671 5770 ir.
688 5715 729 5784 16,
746 5715 772 5784 2,
789 5713 834 5769 16:
857 5711 905 5780 σύχ
922 5710 997 5781 depe,
1015 5710 1030 5767 ύ
1047 5715 1098 5778 μὸν
1115 5713 1190 5782 adipe
1206 5741 1240 5756 -
1257 5711 1396 5775 ’Enerensis
1414 5720 1443 5769 et
1458 5729 1483 5782 q.
1501 5727 1525 5768 Ι.
