4988 6824
1195 1401 1224 1477 1.

745 1553 808 1650 Ds
838 1551 1057 1650 Alcmanis
1088 1554 1193 1668 vita,
1222 1553 1375 1669 indole,
1406 1556 1673 1652 carminibus,

346 1837 384 1904 In
406 1859 537 1906 numero
559 1837 646 1903 haud
668 1839 780 1923 exiguo
801 1843 987 1924 poetarum,
1018 1861 1153 1924 quorum
1180 1839 1333 1922 imagines
1354 1845 1511 1907 vetustate
1540 1848 1572 1907 et
1601 1840 1756 1907 oblivione
1785 1842 1834 1907 ita
1862 1841 1995 1908 obrutae
2025 1849 2114 1926 sunt,
2142 1851 2179 1912 ut

244 1939 372 2007 minime
394 1939 492 2006 liceat
513 1959 642 2024 sperare
664 1938 733 2006 fore
754 1943 791 2006 ut
812 1939 986 2030 aliquando
1009 1939 1114 2006 studio
1136 1947 1244 2006 nostro
1267 1961 1321 2004 eas
1343 1940 1473 2006 reficere
1494 1941 1669 2026 possimus,
1690 1943 1786 2007 etiam
1808 1941 1942 2009 Alcman
1962 1949 2059 2030 poeta
2080 1943 2177 2029 Spar-

244 2048 339 2108 tanus
360 2039 523 2126 ponendus
545 2045 594 2105 est
607 2041 638 2122 ¹).
675 2039 768 2118 Quod
790 2040 910 2106 tactum
933 2047 981 2106 est
1002 2063 1100 2126 quum
1120 2061 1218 2126 parvo
1240 2039 1488 2125 fragmentorum
1510 2043 1577 2128 ejus
1599 2064 1729 2109 numero
1744 2043 2016 2130 plurimorumque
2038 2043 2179 2112 obscuri·

244 2148 328 2222 tate,
356 2147 424 2207 tum
451 2140 558 2225 inopia
584 2140 728 2206 locorum
748 2141 781 2208 in
802 2141 929 2226 scriptis
951 2145 1092 2206 veterum
1114 2148 1295 2220 auctorum,
1316 2140 1431 2225 quibus
1452 2141 1601 2209 laudatus
1624 2151 1682 2210 est.
1726 2143 1963 2229 Circumscripti
1984 2167 2058 2212 vero
2080 2153 2178 2232 atque

246 2243 376 2310 coerciti
396 2248 432 2307 ut
454 2261 579 2306 eramus
600 2241 744 2324 angustis
765 2241 882 2308 finibus
910 2241 1016 2307 brevis
1037 2241 1200 2336 Alcmauis
1224 2241 1309 2306 vitae
1338 2242 1371 2306 in
1399 2242 1502 2308 lexico
1525 2242 1642 2309 Suidae
1672 2243 1848 2325 exhibitae,
1869 2280 1910 2292 —
1932 2246 2058 2330 quade
2080 2267 2178 2314 causa

244 2344 321 2410 olim
342 2340 526 2407 Welcksrus
535 2343 561 2422 ²)
583 2342 775 2408 curriculum
795 2343 896 2424 ritae,
922 2342 1008 2426 quod
1030 2340 1217 2424 fragmentis
1238 2342 1399 2408 Alcmanis
1421 2344 1664 2428 praemittebat,
1686 2344 1735 2410 ita
1756 2365 1945 2430 componere
1967 2346 2119 2426 instituit,
2141 2352 2178 2414 ut

244 2443 343 2510 rerba
364 2441 481 2508 Suidae
501 2442 681 2528 perscripta
701 2443 809 2509 libello
831 2463 889 2509 suo
911 2449 1123 2528 praeponeret
1151 2441 1338 2526 singulaque
1367 2451 1636 2511 commentaretur
1657 2451 1689 2510 et
1709 2445 1899 2526 illustraret,
1921 2482 1963 2493 —
1984 2445 2052 2512 fere
2073 2447 2177 2514 solum

243 2543 341 2610 istum
362 2542 482 2609 fontem
504 2543 690 2628 cognitionis
712 2549 842 2610 nostrae
857 2543 1029 2609 admodum
1044 2542 1206 2609 turbidum
1228 2563 1297 2608 esse
1310 2542 1403 2608 valde
1417 2544 1584 2610 doluimus.
1617 2544 1816 2629 Quamquam
1830 2567 2003 2630 numquam
2018 2547 2176 2615 exstitisse

245 2643 382 2710 alterum
403 2649 532 2727 poetam
553 2643 686 2728 lyricum
709 2643 850 2728 ejusdem
871 2641 1006 2710 nominis
1027 2641 1217 2709 Messeniam
1228 2644 1254 2725 ³)
1279 2643 1347 2727 jam
1370 2664 1390 2709 a
1411 2643 1579 2710 Welclrero
1589 2647 1615 2725 ⁴)
1644 2645 1676 2709 in
1696 2652 1886 2730 perpetuum
1915 2647 2121 2713 constitutum
2143 2653 2177 2714 et

246 2745 288 2810 ab
311 2743 457 2809 omnibus
479 2742 731 2810 dubitationibus
751 2744 945 2811 vindicatum
966 2750 1023 2810 est.
1058 2743 1124 2810 Nec
1145 2749 1312 2810 contentus
1328 2743 1412 2808 buno
1428 2743 1545 2810 Suidae
1560 2765 1699 2810 errorem
1721 2745 1878 2812 detexisse
1900 2751 1998 2830 atque
2018 2747 2049 2813 in
2071 2747 2176 2812 lucem

243 2844 413 2931 protulisse
434 2844 482 2910 vir
503 2845 615 2910 doctus
636 2850 669 2910 et
690 2843 811 2910 fontem
830 2845 915 2911 unde
937 2844 1089 2911 manabat
1111 2845 1251 2930 aperuit,
1274 2845 1490 2912 confusionem
1516 2851 1549 2911 et
1568 2845 1837 2930 permutationem
1857 2847 2021 2912 nominum
2042 2847 2176 2914 Μεσοόο

245 2953 278 3013 et
299 2943 450 3028 Μεσσήνη
469 2945 667 3028 suspicatus,
696 2951 728 3010 et
757 2965 886 3010 causam
907 2966 970 3012 non
991 2945 1196 3030 rejiciendam
1217 2945 1312 3028 hujus
1334 2946 1450 3012 erroris
1471 2967 1539 3012 esse
1570 2946 1704 3030 conjecit
1732 2946 1864 3012 Suidam
1886 2946 2018 3012 Μιοσόα
2040 2968 2112 3012 cum
2133 2949 2176 3015 si·

243 3046 377 3113 millima
397 3067 474 3112 voce
496 3045 610 3128 Μέσσῃ
632 3045 825 3127 confidisse,
847 3046 934 3130 quod
953 3067 1018 3112 non
1039 3044 1142 3112 solum
1164 3044 1225 3110 loci
1248 3045 1413 3128 cqjusdam
1433 3046 1599 3126 Laconici,
1621 3046 1677 3112 aed
1700 3046 1796 3112 etiam
1817 3046 1915 3112 totius
1937 3048 2006 3132 agri
2027 3047 2176 3116 Messenii

243 3167 357 3214 nomen
379 3147 455 3214 olim
477 3151 604 3228 essst⁵t
648 3145 696 3212 De
716 3146 823 3231 patria
842 3167 916 3212 vero
938 3152 1052 3232 poetae
1074 3168 1139 3226 nos,
1162 3144 1189 3211 si
1209 3166 1306 3212 unum
1323 3145 1454 3222 Suidam
1474 3147 1718 3226 consuleremus,
1739 3167 1870 3232 prorsus
1884 3145 1967 3214 salsa
1981 3148 2013 3214 in
2035 3149 2175 3216 medium

242 3249 425 3333 prolaturos
451 3269 563 3314 censeo
593 3255 625 3314 et
646 3269 686 3313 ne
707 3245 865 3312 Welckeri
886 3247 1015 3332 quidem
1037 3247 1076 3312 de
1098 3245 1159 3312 hac
1180 3267 1215 3312 rs
1243 3247 1432 3313 sententiam
1453 3248 1661 3332 probaverim.
1704 3247 1736 3312 Is
1757 3247 1856 3324 enim,
1884 3248 2027 3330 quamvis
2048 3249 2176 3316 Alcma-

243 3369 315 3414 nem
337 3369 355 3414 e
376 3348 479 3434 Lydia
499 3369 598 3432 genus
621 3348 736 3414 ducere
765 3347 937 3428 concedat,
965 3353 1073 3412 tamen
1101 3347 1206 3431 ipsum
1233 3347 1265 3412 iu
1294 3346 1396 3431 Lydia
1424 3354 1533 3413 uatum
1563 3368 1631 3414 esse
1659 3353 1771 3432 negat3
1799 3347 1900 3414 filium
1930 3347 2063 3434 alicujus
2093 3349 2176 3416 serui

244 3449 397 3535 Spartani
418 3471 435 3514 e
457 3449 559 3535 Lydia
579 3449 612 3513 in
626 3447 819 3514 Laconicam
841 3447 971 3514 deducti
993 3467 1065 3512 sum
1087 3446 1165 3511 dicit
1174 3447 1209 3528 ο).
1246 3447 1290 3512 Ut
1312 3447 1395 3513 enim
1417 3468 1499 3530 quae
1516 3447 1630 3514 Suidas
1645 3447 1685 3514 de
1699 3449 1808 3534 patria
1824 3447 1985 3514 Alcmanis
1999 3447 2174 3532 exhibeto,

243 3570 319 3616 vera
339 3537 462 3616 falsarie
484 3549 562 3629 sint,
590 3549 624 3614 in
646 3548 787 3614 futurum
811 3555 935 3633 tempus
957 3548 1116 3632 inquirere
1138 3545 1336 3628 differamus,
1365 3548 1503 3613 dilucide
1523 3547 1716 3632 Spartanum
1738 3570 1855 3637 genere
1876 3569 1948 3614 eum
1970 3548 2066 3616 fuisse
2087 3549 2174 3618 solus

244 3658 356 3718 auctor
384 3671 557 3736 anonymus
586 3649 825 3734 epigrammatis
853 3647 1061 3714 aWelokero
1090 3648 1257 3732 perscripti
1267 3649 1293 3729 8)
1321 3648 1502 3732 profitetur,
1531 3671 1629 3732 quum
1657 3649 1816 3716 Leonidas
1842 3649 2119 3733 (Tarentinus'llll
2141 3657 2175 3718 et

239 3749 413 3837 ‘Antipater
434 3751 723 3816 Thessalonicensis
738 3753 791 3830 ¹⁰),
819 3749 874 3833 qui
901 3749 1019 3814 Tiberii
1047 3749 1249 3832 imperatoris
1277 3755 1384 3814 aetate
1412 3748 1533 3828 floruit,
1561 3749 1595 3814 id
1616 3748 1719 3816 solum
1740 3755 1906 3828 testentur,
1929 3771 2077 3834 magnam
2099 3749 2175 3818 olim

350 3953 369 4014 ¹>
390 3950 421 4004 0.
438 3949 548 4017 Mulier,
568 3948 666 4004 Gesch.
684 3947 709 4002 d
726 3947 829 4016 grisoli.
846 3947 912 4004 Litt.
929 3949 951 4017 I,
968 3965 996 4018 p.
1013 3947 1073 4002 356.
1091 3978 1124 3988 -
1148 3947 1168 4016 ²)
1186 3947 1293 4016 Fragm.
1310 3947 1449 4002 Alcmanis
1466 3946 1554 4018 lyrici.
1579 3947 1698 4002 Giessen
1715 3947 1789 4004 1815.
1807 3978 1840 3990 -·
1863 3949 1884 4018 θ)
1903 3951 1956 4002 ἔστι
1973 3950 2004 4002 τὸ
2022 3953 2064 4003 καὶ
2083 3951 2173 4016 issaar

243 4032 362 4096 Ἀλκμάν,
380 4031 419 4088 οἶς
438 4039 490 4086 raia
507 4037 635 4098 λυριιιολν,
658 4031 691 4082 ὃν
710 4030 820 4100 ἤνεγκον
838 4029 853 4100 η’
873 4030 1016 4098 Μοσοήνη,
1042 4032 1116 4089 Suid.
1134 4049 1158 4086 v.
1175 4028 1293 4094 Ἀλκμάν,
1312 4031 1472 4100 quibuscum
1495 4031 1590 4086 confer
1614 4045 1744 4100 „metrum
1761 4032 1980 4088 Messeniucuffl
1998 4054 2013 4088 α
2031 4033 2173 4090 Victorino

242 4135 269 4188 p.
286 4118 354 4171 2522
371 4117 483 4172 Putsch.
500 4117 624 4170 Alomuni
641 4115 809 4170 attributum.
827 4145 861 4156 -
887 4117 908 4184 ⁴)
928 4115 1036 4170 Welck.
1052 4117 1070 4171 l.
1089 4132 1112 4171 c.
1127 4133 1154 4186 p.
1171 4115 1197 4169 3.
1214 4145 1247 4155 -
1267 4117 1286 4182 λ)
1306 4115 1395 4170 Strab.
1412 4115 1437 4186 8,
1454 4116 1518 4170 364:
1537 4115 1588 4168 τῶν
1606 4114 1629 4168 δ’
1645 4114 1691 4180 ὑφ’
1709 4115 1821 4184 Ὁμήρου
1840 4117 2048 4185 καταλεγομένων
2060 4115 2108 4188 τὴν
2125 4119 2175 4180 μὲν

243 4205 277 4255 Μ
281 4203 292 4252 e'
299 4218 382 4268 σσην
399 4199 517 4264 οὐδαμοῦ
535 4201 698 4252 διιίινυσθαί
715 4214 792 4262 φασι·
814 4202 843 4252 Μ
849 4200 929 4251 τοσό
936 4217 974 4249 αν
993 4197 1014 4250 d’
1034 4196 1068 4249 οὐ
1086 4205 1129 4265 τῆς
1146 4197 1231 4265 χώρας
1248 4194 1317 4250 οἶναι
1335 4198 1422 4262 μέρος,
1442 4197 1503 4251 utta*
1524 4200 1567 4267 τῆς
1580 4199 1711 4264 Σπάρτας,
1730 4199 1852 4266 καθάπερ
1872 4201 1914 4252 aul
1935 4201 1961 4253 τὸ
1981 4205 2121 4264 Λιμναῖον,
2139 4231 2172 4243 -

242 4287 307 4338 ἔνιοι
325 4285 356 4337 di
373 4285 434 4336 κατὰ
452 4281 592 4349 ἀποκοπὴν
609 4283 725 4350 bizonen
743 4281 789 4350 τὴν
809 4283 963 4350 Μεσσήνην·
987 4284 1090 4349 τλρηιαι
1106 4280 1156 4350 γάρ
1175 4281 1213 4334 ὅτι
1237 4283 1279 4334 aot
1297 4281 1362 4350 αι’πη
1380 4283 1459 4348 μέρος
1477 4275 1511 4350 ἦν
1529 4283 1572 4350 τῆς
1590 4286 1754 4350 Λακωνικῆς.
1782 4283 1820 4339 St.
1839 4284 1871 4340 Β.
1890 4303 1914 4340 v.
1934 4283 2078 4354 diocesim:
2101 4285 2175 4352 χώρα
2256 4330 2266 4347 ,

242 4368 305 4436 στρ*
326 4368 455 4436 Μεσσήνη
472 4370 515 4420 τοι
534 4368 629 4434 Μέσσῃ
647 4367 709 4420 κατὰ
726 4365 872 4435 άπσιιοττήν.
892 4395 923 4408 ·-
955 4367 974 4434 ⁶)
992 4382 1018 4434 p.
1035 4366 1065 4421 6:
1087 4367 1116 4420 in
1133 4381 1193 4421 eam
1216 4367 1365 4422 deferimur
1382 4367 1551 4436 opinionem,
1575 4372 1606 4422 ut
1620 4367 1780 4422 Alcmenam
1801 4369 1912 4425 natione
1936 4369 2046 4439 quidem
2068 4369 2174 4440 Lydum

243 4453 337 4518 tuisse,
354 4470 409 4508 non
426 4460 517 4508 tamen
531 4452 560 4505 in
577 4451 666 4520 Lydia
682 4457 787 4519 natum,
806 4450 856 4504 sed
873 4450 989 4518 Spartae
1007 4449 1098 4518 potius
1116 4456 1194 4518 patre
1213 4465 1292 4506 servo
1317 4457 1405 4506 ortum
1422 4467 1485 4506 esse
1502 4467 1665 4521 persuasum
1681 4450 1840 4508 babeamus.
1858 4482 1892 4493 -
1917 4457 1936 4518 ¹)
1957 4453 2045 4510 sua:
2063 4451 2174 4518 ’Δλτμάν

243 4537 342 4590 Λάτιον
358 4536 410 4591 άπὸ
431 4533 565 4597 Μοσσόας,
584 4533 645 4586 κατά
664 4535 694 4586 δὲ
712 4534 757 4587 τὸν
776 4533 897 4600 Κράτητα
916 4538 1038 4583 πταιόντα
1057 4532 1148 4588 Λυδὸς
1166 4534 1196 4586 ἐν
1214 4535 1352 4598 Σάρδεων,
1370 4533 1485 4598 λυρικός,
1504 4533 1562 4590 olda
1581 4536 1721 4597 Δάμαντος
1739 4533 1755 4602 ἢ
1777 4535 1888 4602 Τιτάρου
1907 4551 1948 4606 sq.

751 4619 772 4686 8)
790 4616 901 4680 Ἀλκμάν
918 4616 949 4666 ἐν
967 4616 1081 4669 Λυδοῖσι
1098 4618 1162 4685 μέγα
1179 4620 1279 4682 πρέπει,
1297 4614 1360 4670 iuti
1380 4617 1519 4680 Δάμαντος

820 4701 874 4754 dori
892 4704 935 4752 ιιαλ
953 4701 982 4754 du
1002 4699 1126 4768 Σπάρτης
1144 4701 1267 4767 Δάμιδος
1283 4699 1421 4768 άμμονιής.

347 4788 367 4856 ⁹)
385 4789 467 4844 natu
484 4787 546 4858 VII,
564 4788 609 4844 19:
630 4785 780 4840 Λεωνίδου.

325 4875 328 4882 ’
751 4869 797 4922 τάν
813 4866 924 4936 χαρίεντ’
942 4866 1077 4934 Ἀλκμᾶνα,
1096 4867 1142 4920 τὸν
1160 4867 1275 4937 άμνητῆῤ
1295 4868 1429 4932 ι’·μτναίοιν

817 4953 924 5013 τιάιινον,
943 4952 988 5006 τὸν
1008 4956 1127 5006 Μουσῶν
1146 4951 1206 5018 ι’τξια
1222 4953 1399 5019 μολυάμιιον,

751 5037 846 5104 τάμβος
865 5040 923 5103 ἔχοι,
942 5036 1068 5102 Σπάρτας
1085 5036 1198 5104 μιγάλαν
1214 5036 1299 5104 χάριν,
1317 5034 1372 5090 αἴθ’
1391 5036 1406 5086 ὅ
1422 5053 1452 5103 με
1471 5035 1564 5092 Λυδὸς

816 5120 899 5188 ἄχθος
915 5119 1068 5188 άτσάρλίψας
1086 5123 1180 5187 οἴχεται
1197 5121 1237 5175 sla
1255 5119 1356 5188 Ἀΐδην.

348 5206 381 5270 ¹⁰)
397 5204 433 5260 ib.
450 5204 512 5272 VII,
530 5205 575 5258 18:
591 5203 762 5272 Ἀντιπάτρου
785 5205 928 5257 Θεσσαλοῦ.

749 5287 833 5354 άνέρα
850 5289 882 5356 μὴ
904 5291 982 5356 πέτρη
1002 5293 1153 5353 τεκμαίροιτ’
1172 5284 1271 5342 lauded
1291 5287 1387 5354 τύμβος

816 5372 951 5440 άιρθῆνοι·
968 5372 1082 5440 μεγάλου
1100 5368 1122 5422 l’
1141 5369 1218 5424 ὀστέα
1237 5372 1326 5436 φωτὸς
1344 5374 1404 5438 ἔχοι.

751 5456 865 5521 cloacam
884 5455 1019 5520 Ἀλκμᾶνα,
1039 5455 1118 5522 λάρης
1137 5455 1250 5522 ἐλατῆρα.
1263 5459 1398 5522 Λακαίνης

817 5544 917 5607 ἔξοχον,
934 5539 967 5592 ὃν
989 5541 1122 5592 Μουσέων
1139 5536 1207 5592 δυνά
1226 5537 1343 5606 άριθμὸς
1360 5543 1424 5605 ἔχει·

751 5632 834 5677 παῖσαι
852 5621 874 5678 δ’
893 5623 1011 5693 ἡποιροις
1032 5624 1151 5688 διδύμοις
1168 5625 1231 5689 ἔρις,
1249 5621 1303 5676 αἴθ’
1324 5623 1338 5677 ὅ
1356 5641 1386 5691 ys
1405 5622 1504 5684 Λυδός,

816 5711 868 5762 alra
887 5707 1000 5763 Λάτιον·
1020 5711 1110 5764 πολλοὶ
1128 5709 1237 5776 μητέρος
1255 5704 1421 5771 άμνοπόλαν.
