4988 6824
1180 607 1202 672 9
1279 581 1282 592 .

223 785 480 874 comprobantur.
521 784 635 871 Itaque
656 809 754 872 quum
774 787 842 873 ipse
864 787 1037 856 Ahrensins
1058 791 1196 857 certiora
1217 791 1363 877 exempla
1383 792 1434 858 vel
1454 793 1635 860 testimonia
1655 793 1740 860 illins
1766 795 1895 880 regulae
1918 815 1938 862 a
1958 817 1993 862 se
2014 803 2157 864 statutae

224 888 400 956 desiderari
420 886 568 968 fateatur,
589 908 655 954 nou
669 887 850 956 dubitamus
866 887 1086 958 Dhoerobosco
1109 891 1238 958 credere
1260 899 1293 958 et
1312 917 1393 968 εννος
1414 893 1668 962 terminationem
1690 894 1918 981 adjectivorum
1933 897 2030 963 etiam
2044 898 2158 965 Doridi

224 990 373 1060 tribuere

326 1089 559 1156 Infinitivorum
578 1089 612 1154 in
633 1115 670 1172 ην
690 1089 880 1168 exeuntium,
902 1091 1016 1176 quibus
1037 1094 1176 1160 severior
1196 1099 1320 1160 tantum
1343 1093 1499 1160 dorismns
1521 1116 1596 1161 usus
1611 1097 1721 1178 eat20),
1741 1117 1839 1162 unum
1854 1097 1958 1164 solum
1978 1098 2157 1182 exemplum

226 1193 259 1260 in
280 1191 443 1258 Alcmanis
465 1189 656 1258 carminibus
678 1193 1079 1277 auscultantque
1101 1193 1204 1260 forma
1226 1195 1323 1260 etiam
1343 1195 1377 1260 in
1398 1194 1570 1262 anecdotis
1592 1195 1822 1264 Oxoniensibns
1846 1203 1871 1279 1,
1893 1199 1943 1279 69,
1967 1198 1987 1262 9
2008 1198 2132 1264 citatur.

329 1292 448 1360 Contra
467 1299 555 1373 κῆνος
578 1293 617 1357 16
638 1311 697 1376 pro
718 1294 826 1370 ἐκεῖνος
847 1299 880 1359 et
902 1293 1017 1360 Dorica
1038 1299 1071 1359 et
1092 1294 1221 1360 Aeolion
1241 1316 1302 1360 vox
1322 1301 1428 1379 potest
1457 1316 1533 1376 esse,
1555 1317 1653 1381 quum
1673 1298 1801 1383 utrique
1824 1297 1961 1364 dialemo
1983 1297 2067 1365 hanc
2087 1299 2153 1366 for·

226 1417 312 1464 mam
333 1392 527 1480 pronominis
554 1391 796 1460 demonstrativi
825 1413 1024 1460 communem
1052 1393 1148 1460 fuisse
1177 1397 1362 1478 constct21).
1413 1395 1457 1463 Et
1484 1417 1524 1462 ne
1551 1397 1681 1480 vulgare
1709 1399 1839 1483 quidem
1866 1400 1974 1475 ἐκεῖνος
2001 1400 2040 1465 fr.
2065 1405 2103 1466 14
2114 1401 2156 1483 ¹²)

269 1503 324 1566 eta
347 1493 533 1580 repudiavit

226 1519 268 1585 po
328 1597 428 1662 Porro
448 1592 577 1676 Λύκηος
597 1591 635 1660 ir.
659 1595 708 1660 16.
730 1595 772 1661 86
800 1593 1061 1662 Lacedaemoniis
1081 1593 1151 1660 loco
1172 1595 1312 1679 vulgaris
1325 1595 1461 1672 Λύκειος
1478 1596 1650 1682 probatum
1664 1619 1734 1663 esse
1753 1620 1793 1664 ex
1807 1597 2026 1684 Etymologico
2040 1600 2177 1687 Magno¹

225 1701 318 1780 dm
340 1695 500 1774 discimus,
520 1694 693 1761 secundum
714 1696 851 1762 eundem
873 1716 994 1762 morem
1015 1695 1146 1776 Dorum,
1168 1717 1230 1781 quo
1253 1696 1352 1762 etiam
1379 1695 1470 1782 bonvs
1499 1703 1531 1764 et
1552 1697 1669 1764 similia
1691 1699 1901 1781 dicebant⁸³).
1928 1699 2013 1766 Huic
2032 1723 2158 1770 mascu-

226 1801 312 1868 linae
332 1795 548 1866 terminationi
568 1794 719 1862 feminina
740 1795 912 1882 respondet
932 1822 973 1878 ηα
994 1797 1128 1862 nominis
1144 1795 1332 1882 Πασιχάρηα
1346 1799 1395 1877 27,
1418 1819 1611 1884 quamquam
1633 1799 1729 1864 etiam
1749 1823 1795 1862 εια
1814 1799 1954 1883 vulgaris
1975 1802 2158 1870 terminatio

227 1901 353 1984 integra
380 1897 498 1982 legitur
524 1895 611 1980 apud
639 1894 825 1962 Alcmenam
852 1898 886 1962 in
913 1897 1102 1980 Προμάθεια
1123 1899 1180 1978 611,
1209 1901 1237 1962 2.
1281 1897 1383 1963 Simili
1408 1899 1633 1980 inconstantia,
1663 1921 1760 1985 quam
1789 1921 1851 1966 oon
1882 1901 2061 1966 mirandam
2090 1925 2158 1972 esse

227 2001 337 2068 rtatim
357 1998 450 2064 initio
471 1993 684 2076 ostendimus,
713 2001 811 2080 poeta
832 1997 980 2074 πελειάδες
1004 2000 1050 2079 16,
1072 2000 1100 2078 2,
1123 1999 1165 2064 26
1193 2000 1373 2083 usurpavit,
1402 1999 1545 2084 quamvis
1573 1999 1691 2064 diserte
1721 2000 1818 2082 πέληα
1845 2001 1915 2067 loco
1936 2000 2035 2065 nitran
2056 2003 2158 2072 Dores

228 2103 345 2168 dixisse
366 2098 522 2165 uaditum
544 2095 585 2162 sit
595 2097 653 2178 81);
676 2098 937 2182 contrariantes
957 2097 1081 2182 vulgari
1101 2105 1186 2179 μεῖον
1204 2099 1369 2184 praetulit,
1391 2099 1509 2184 quain
1530 2120 1607 2164 voce
1626 2101 1715 2186 ipsae
1735 2101 1867 2168 tabulae
1888 2101 2114 2170 Heracleenses
2134 2129 2159 2169 ει

227 2202 427 2270 retinuerunt
436 2199 487 2280 ⁸⁶)
530 2196 686 2275 Quoniam
708 2219 782 2264 vero
803 2198 933 2282 Λόκηος
953 2220 993 2266 ex
1014 2202 1196 2278 Λυκε-ιο-ς,
1222 2200 1409 2286 Πασιχάρηα
1430 2223 1470 2266 ex
1490 2203 1731 2285 Πασι-χαρε-ια,
1752 2210 1831 2284 pior
1852 2223 1891 2266 ex
1911 2205 2089 2288 ps-r-ov⁸⁶)
2112 2205 2159 2272 sic

228 2311 302 2371 orta
323 2321 392 2368 csse
413 2298 615 2365 manifestum
637 2303 696 2378 est,
717 2304 753 2365 ut
774 2323 788 2363 s
809 2305 841 2366 ct
862 2325 873 2362 ι
892 2299 1026 2381 vocales,
1047 2319 1130 2384 quae
1151 2325 1175 2364 ει
1197 2299 1427 2385 diphthongum
1449 2299 1574 2366 efficere
1595 2301 1705 2382 solent,
1728 2301 1881 2386 singulari
1902 2302 2041 2386 quodam
2063 2306 2158 2374 modo

226 2405 260 2470 in
282 2429 302 2486 η
322 2399 604 2479 modularentur,
627 2398 697 2482 jam
717 2397 896 2480 videamus,
917 2421 1055 2486 quanam
1085 2401 1210 2467 ratione
1239 2401 1300 2468 hoc
1321 2428 1340 2485 η
1362 2401 1527 2486 explanari
1547 2402 1663 2487 possit,
1691 2401 1741 2468 his
1762 2403 1953 2487 praemissis,
1981 2425 2045 2471 non
2065 2405 2158 2473 nobis

228 2502 360 2592 probari
388 2500 535 2567 Abrensii
569 2499 758 2566 sermatiam
794 2499 878 2567 hunc
905 2521 925 2566 a
958 2499 1082 2585 vulgari
1116 2500 1339 2568 abhorrentem
1373 2501 1581 2568 contrahendi
1610 2501 1739 2568 modum
1766 2503 2000 2572 recentissimae
2031 2507 2158 2574 Doridis

231 2602 454 2687 Alcmanisque
481 2602 580 2668 aetati
607 2621 739 2685 prorsus
761 2601 1009 2686 abjudicandum
1032 2602 1164 2684 esse³¹).
1206 2602 1304 2686 Atqui
1332 2602 1359 2666 si
1385 2622 1501 2666 nomen
1529 2602 1815 2668 Lacedaemonium
1836 2605 1946 2685 Κλητά
1965 2605 2003 2670 11.
2034 2608 2094 2674 106
2114 2644 2159 2656 -·

228 2725 366 2793 quocum
394 2701 538 2768 conferas
559 2719 678 2786 quaeso
698 2701 828 2768 nomina
849 2702 968 2769 Dorice
988 2701 1202 2788 ΙΩηναγόρας,
1222 2702 1400 2785 litgrinus,
1423 2704 1558 2785 Κλῆνος,
1578 2702 1830 2788 Κληνόστρατος,
1853 2704 1964 2786 1οηνώ
1984 2727 2157 2794 eorumque

230 2805 364 2874 vicanos
385 2827 410 2868 ει
425 2801 621 2888 diphthongo
636 2801 670 2868 in
684 2802 814 2885 reliquis
826 2802 970 2869 dialectis
982 2803 1154 2869 instructos
1169 2839 1211 2852 -
1226 2803 1358 2868 Doriam
1379 2803 1515 2869 formam
1538 2803 1677 2888 vulgaris
1692 2804 1806 2870 lucare
1827 2825 1895 2871 esse
1916 2808 2156 2889 reminiscimur,

229 2910 372 2993 siporro
393 2929 414 2986 η
435 2903 529 2989 hujus
549 2902 635 2968 vocis
657 2902 767 2984 Κληεά
786 2908 861 2988 post
882 2902 994 2968 elisum
1015 2903 1192 2988 digamma,
1220 2924 1317 2987 quum
1345 2903 1438 2968 radix
1460 2908 1545 2970 esset
1563 2904 1699 2986 111611),
1720 2925 1779 2988 per
1800 2905 2040 2990 productionem
2062 2929 2158 2994 quam

231 3007 460 3094 appellavimus
479 3001 709 3088 suppletoriam
730 3022 770 3068 ex
790 3025 803 3066 ε
824 3008 1040 3088 permutatum
1062 3025 1130 3070 esse
1151 3011 1345 3088 reputamus,
1367 3003 1436 3069 fieri
1458 3010 1544 3070 certe
1566 3025 1630 3068 non
1650 3009 1765 3088 potest,
1787 3011 1824 3070 nt
1846 3005 1982 3073 audacia
2003 3014 2036 3074 ct
2055 3015 2156 3076 teme·

228 3111 307 3178 ritas
327 3105 421 3174 nobis
441 3103 630 3188 imputetur,
659 3103 686 3168 si
714 3103 800 3170 vocis
820 3105 930 3187 Κλητά
956 3106 1086 3190 ejusque
1107 3111 1313 3190 cognatarum
1333 3104 1540 3171 similitudine
1563 3105 1640 3169 moti
1669 3105 1765 3170 etiarn
1786 3131 1805 3188 η
1827 3107 2085 3174 terminationum
2105 3133 2160 3192 ηος

230 3219 263 3278 et
282 3235 337 3294 ηα,
361 3227 499 3274 consona
519 3203 659 3289 quadam
680 3209 713 3270 et
734 3230 744 3266 r
766 3205 894 3288 quidem
916 3206 1032 3290 ejecta,
1059 3211 1171 3272 uatum
1193 3226 1261 3272 esse
1281 3226 1340 3290 per
1360 3204 1590 3290 suppletorium
1611 3204 1699 3270 illam
1721 3205 1961 3291 productionem
1981 3209 2159 3276 statuimus.

230 3312 362 3396 Semper
381 3308 465 3375 enim
486 3325 625 3372 consona
654 3305 756 3390 ejecta
783 3305 818 3370 iu
840 3305 960 3372 Doride
987 3306 1062 3372 talis
1088 3305 1256 3392 productio
1278 3305 1412 3389 alicujus
1432 3304 1567 3384 vocalis,
1595 3326 1678 3389 quae
1699 3313 1815 3371 natura
1835 3306 1940 3373 brevis
1962 3313 2047 3388 erat,
2076 3308 2159 3377 solet

230 3412 350 3493 niti³⁰).
386 3409 453 3475 Etr
469 3426 638 3474 consonam
655 3405 765 3472 elisam
780 3426 849 3472 esse
870 3413 996 3474 constat
1015 3407 1048 3472 in
1069 3415 1149 3490 μῆον
1162 3406 1394 3492 comparativ03
1415 3427 1490 3471 nam
1511 3406 1537 3489 ij
1547 3426 1620 3470 ans
1640 3405 1764 3490 plenior
1777 3413 1810 3472 et
1823 3407 2043 3492 antiquissima
2056 3409 2160 3476 forma

231 3513 337 3583 suffixi
352 3506 576 3594 comparativis
592 3505 747 3592 ejusmodi
760 3505 863 3572 additi
879 3505 948 3572 fuit
976 3507 1049 3573 dam
1063 3529 1137 3574 vero
1152 3533 1185 3572 ιο
1207 3514 1239 3573 ot
1260 3532 1296 3570 aa
1317 3504 1604 3572 suffixanominnm
1615 3506 1798 3585 Λόκε-ιο-ς,
1819 3507 1957 3590 Aduena,
1979 3495 2166 3596 Πασιχάρι-’

232 3641 272 3694 ια,
293 3609 480 3694 Hermippo
501 3607 577 3692 quin
599 3606 675 3672 olim
694 3606 836 3692 pleniore
857 3612 890 3673 et
911 3609 1053 3674 auctiore
1081 3629 1159 3675 sono
1180 3609 1238 3693 ijo
1261 3613 1294 3673 et
1314 3606 1374 3690 ija
1401 3607 1549 3673 audirent
1577 3627 1673 3692 quum
1702 3629 1794 3674 nemo
1823 3609 1929 3674 adhuc
1958 3610 2159 3693 dubitaverit,

231 3715 361 3798 Λύκηος
382 3711 500 3776 Dorica
523 3709 618 3793 juxte
638 3707 772 3784 Λύκειος
791 3708 955 3792 vulgarem
975 3708 1112 3774 formam
1133 3707 1292 3774 tantulum
1314 3713 1419 3774 movet
1447 3707 1665 3775 admirationis
1692 3707 1742 3774 vel
1770 3709 1977 3774 dubitationis
2006 3717 2160 3794 quantum

231 3814 368 3899 exempli
389 3811 494 3896 gratia
513 3808 630 3875 Latina
650 3808 754 3876 forma
774 3807 911 3874 nominis
926 3811 1052 3875 Annene
1070 3810 1164 3894 juxta
1176 3810 1297 3876 Annius
1308 3808 1360 3890 ⁴⁰).
1392 3807 1480 3874 Nihil
1499 3808 1597 3892 igitur
1618 3829 1674 3874 nos
1688 3809 1831 3894 impedit,
1853 3809 2020 3894 quominus
2041 3809 2160 3878 formas

230 3916 304 3983 illas
324 3939 344 3996 η
364 3912 435 3980 loco
455 3909 594 3994 vulgaris
615 3933 639 3974 a
660 3909 831 3976 instructas
853 3915 885 3976 et
900 3909 1038 3976 Doribus
1059 3910 1134 3976 solis
1155 3909 1307 3996 probatas
1329 3930 1427 3994 quum
1444 3909 1513 3993 jam
1535 3907 1772 3993 antiquissimae
1787 3909 1907 3990 Doridi,
1927 3916 1997 3976 tum
2015 3909 2161 3980 Alcmani

230 4022 345 4104 poetae
366 4020 433 4080 tam
454 4016 579 4077 vetusto
600 4009 819 4076 attribuamus.
1071 3997 1098 4033 '
1160 4035 1196 4076 ro

332 4115 448 4199 116111)
470 4118 593 4191 autem,
615 4109 654 4178 de
677 4111 766 4196 cujus
788 4109 891 4177 forma
911 4111 1011 4178 Doria
1031 4115 1094 4196 ἔῆρ
1115 4131 1199 4195 quae
1220 4110 1380 4176 monenda
1401 4115 1496 4177 erant
1512 4111 1581 4195 jam
1603 4110 1820 4194 exposuimus,
1843 4132 1882 4176 ex
1903 4111 2064 4196 epicorum
2083 4134 2162 4198 poe·

232 4227 340 4288 tarum
364 4215 474 4299 lingua
501 4211 636 4278 Alcman
664 4212 844 4296 assumpsit
894 4212 1052 4296 Denique,
1088 4233 1128 4277 ne
1156 4211 1216 4276 hoc
1242 4212 1552 4296 praetermittamus,
1579 4211 1613 4275 in
1642 4209 1770 4277 coristis
1798 4210 1898 4276 εἴπατε
1923 4214 1978 4292 41,
2008 4210 2088 4277 εἶδον
2109 4216 2160 4296 61,

232 4321 358 4398 111ξ131
383 4313 557 4382 formandis
577 4313 723 4379 universa
746 4313 853 4395 Doris,
884 4334 948 4379 non
968 4313 1055 4379 solus
1075 4311 1223 4392 Alcman,
1245 4311 1366 4396 legibus
1387 4311 1525 4396 vulgaris
1547 4311 1730 4396 graecitatis
1753 4313 1923 4378 excessisse
1944 4333 2006 4378 non
2028 4312 2160 4396 videtur,

232 4419 376 4507 quamvis
398 4416 472 4480 itan
494 4420 528 4480 et
547 4413 606 4498 tigre
627 4413 797 4481 verborum
816 4415 994 4498 praeterita
1014 4404 1104 4498 ἦλκον
1124 4420 1157 4478 et
1176 4405 1251 4494 ἦχον
1271 4413 1303 4478 in
1325 4412 1437 4479 eadem
1459 4412 1577 4479 Doride
1599 4411 1788 4478 exsisterent
1798 4415 1848 4494 ⁴²).

332 4519 363 4598 e)
385 4543 411 4583 ω
432 4517 502 4584 loco
523 4514 662 4598 vulgaris
683 4539 720 4578 ov
741 4519 867 4580 tantum
889 4535 910 4581 a
931 4513 1087 4581 severiore
1109 4512 1228 4580 Doride
1257 4519 1289 4578 et
1317 4514 1348 4578 in
1379 4513 1424 4580 eis
1454 4513 1582 4597 quidem
1610 4511 1773 4578 vocabulis
1801 4511 1965 4596 usurpari,
1986 4533 2069 4598 quae
2089 4519 2163 4598 post

233 4621 404 4708 genuinum
424 4642 442 4683 o
463 4635 634 4682 consonam
662 4616 802 4700 aliquam
823 4615 987 4699 ejecerint,
1016 4613 1189 4682 Ahrensius
1218 4612 1373 4697 docet⁴³).
1417 4614 1522 4698 Atque
1551 4613 1720 4698 squidem
1751 4634 1891 4678 consona
1919 4615 2022 4698 ejecta
2049 4619 2099 4681 est
2129 4615 2162 4681 in

234 4747 321 4800 ουσα,
341 4723 361 4786 i
385 4741 410 4786 a
432 4739 516 4796 orna,
537 4716 759 4784 terminatione
780 4716 1019 4801 participiorum
1041 4713 1261 4782 femininorum
1272 4715 1324 4795 ⁴⁴),
1345 4713 1452 4780 dativo
1473 4713 1591 4800 plurali
1611 4719 1752 4798 excepto,
1774 4714 1807 4778 in
1821 4734 1886 4798 qua
1899 4713 2004 4780 forma
2018 4735 2091 4780 cunr
2112 4737 2163 4781 re·

234 4823 329 4907 liquis
350 4819 487 4885 Doribus
509 4817 643 4884 Alcman
665 4815 894 4901 diphthongum
916 4816 1020 4882 vocali
1041 4841 1066 4880 ω
1086 4814 1254 4900 praetulit,
1283 4817 1320 4880 ut
1341 4815 1373 4879 in
1393 4821 1542 4896 καμοῦσιν
1565 4816 1613 4894 16,
1639 4820 1664 4896 1,
1687 4817 1707 4878 2
1728 4814 1872 4899 quemvis
1894 4835 1912 4880 e
1932 4839 2060 4897 καμονσι
2082 4822 2162 4882 orto.

233 4921 411 4988 &carabes
433 4919 473 4984 ab
496 4919 557 4984 hoc
579 4939 666 4984 more
687 4917 748 4983 soli
768 4916 934 4984 Cretenses
955 4917 1117 4996 videntur,
1148 4937 1165 4981 e
1186 4935 1320 5000 quorum
1350 4914 1486 4998 dialecto
1509 4915 1608 4981 dativi
1637 4915 1875 5000 participiorum
1904 4935 1962 4999 per
1984 4939 2009 4980 ω
2031 4914 2103 4981 loco
2125 4940 2162 4979 oo

234 5021 364 5089 formati
391 5021 513 5098 διδῶσι,
536 5019 699 5101 μετέχωσι,
721 5017 862 5102 inchoes,
883 5018 1010 5101 didymos
1032 5019 1065 5083 in
1087 5016 1188 5083 titulis
1212 5017 1317 5082 adhuc
1339 5016 1568 5098 semantnr⁴⁵).
1611 5015 1694 5082 Hinc
1713 5015 1835 5082 factum
1858 5021 1908 5081 est
1928 5021 1964 5080 ut
1984 5015 2083 5080 etiam
2103 5035 2163 5099 pro

338 5301 693 5373 ”)01.Δ61.11,169.-
717 5303 750 5372 ³¹)
769 5301 835 5358 Ahr.
847 5302 868 5371 1,
885 5303 927 5358 90.
945 5301 981 5371 11,
998 5301 1057 5357 161.
1074 5330 1108 5342 -
1133 5302 1167 5369 ³²)
1185 5297 1683 5370 111.ΑροΙῙ.ρ161.16,6.76,11.-
1708 5301 1741 5370 θ’)
1759 5297 1873 5366 Α111.Π,
1891 5297 1948 5354 166.
1966 5327 1999 5338 -
2024 5297 2163 5366 1011).-

235 5393 269 5460 ⁸⁸)
287 5391 386 5459 1,111:
404 5391 495 5452 uetur.
512 5415 545 5426 ·-
570 5387 603 5456 ”t
623 5384 673 5441 cir.
691 5385 765 5441 0111.
784 5386 829 5441 Gr.
847 5403 871 5456 p.
890 5385 942 5442 300
955 5400 996 5455 sq.
1016 5415 1048 5426 -
1073 5385 1106 5454 ⁸²)
1128 5383 1178 5440 cfr.
1194 5385 1276 5440 ctiam
1295 5383 1399 5454 copiam
1418 5389 1447 5437 et
1462 5382 1516 5438 vim
1526 5382 1743 5439 testimoniorum
1761 5389 1790 5437 et
1806 5379 1999 5451 exemplorum,
2017 5397 2088 5452 quas
2104 5382 2165 5452 ipae

233 5475 387 5530 1111111111
405 5472 442 5541 11,
459 5469 509 5526 163
526 5469 561 5525 ad
577 5468 654 5538 μήων
672 5475 701 5524 et
717 5468 807 5538 πιὴων
822 5469 986 5526 illustranda
1004 5467 1103 5526 attulit.
1121 5497 1154 5508 -
1178 5468 1211 5536 ⁸⁸)
1226 5469 1299 5524 Curt.
1319 5467 1365 5522 Gr.
1382 5483 1409 5537 p.
1421 5467 1478 5522 169.
1495 5495 1528 5506 -
1555 5467 1588 5536 ³⁸)
1599 5466 1668 5522 Ahr.
1685 5465 1721 5534 Π,
1739 5465 1787 5520 161
1806 5479 1897 5533 111-
1920 5466 1954 5534 ⁴⁰)
1968 5466 2015 5522 cfr.
2035 5466 2165 5523 Gorasen.

235 5563 350 5628 Ansapr.
367 5557 404 5627 11,
421 5573 447 5626 p.
464 5555 515 5610 606
532 5569 572 5624 sq.
590 5583 623 5595 -
646 5555 681 5624 ⁴¹)
693 5553 726 5610 ir.
743 5555 786 5624 96,
802 5554 828 5610 A.
845 5581 879 5594 -
902 5555 936 5625 ⁴¹)
952 5554 1042 5625 Apoll.
1058 5553 1141 5610 inEt
1158 5551 1198 5607 Μ.
1214 5553 1274 5621 419,
1290 5551 1334 5608 40.
1350 5579 1384 5594 -··
1408 5552 1442 5618 ⁴³)
1460 5550 1495 5620 11,
1514 5550 1571 5606 164.
1582 5579 1616 5592 -
1639 5550 1673 5618 ⁴⁴)
1684 5548 1733 5604 clr.
1750 5549 1804 5604 tab.
1815 5550 1924 5606 Heracl.
1936 5552 1960 5620 1,
1978 5552 2021 5606 16:
2041 5547 2165 5622 irascor

236 5645 261 5713 1,
277 5641 339 5700 1802
359 5639 477 5710 iccium
494 5642 518 5709 l,
536 5640 599 5696 169:
619 5636 784 5706 inundent,
803 5637 910 5695 similia.
926 5669 960 5680 -
987 5641 1022 5708 ⁴⁸)
1039 5639 1105 5696 Aur.
1123 5637 1159 5708 ll,
1177 5637 1234 5692 155.
1253 5637 1310 5692 169.

1946 5737 1964 5792 9
