4988 6824
1229 683 1230 686 ’
1275 679 1295 744 2

317 863 417 931 fuisse
438 864 522 931 inter
549 862 692 928 homines
721 862 863 930 eruditos
890 871 938 945 et,
968 865 1053 951 quod
1082 863 1238 948 conjicere
1265 863 1388 945 licebit,
1416 860 1586 948 praecipue
1614 861 1700 926 inter
1728 856 1953 944 grammaticos
1981 856 2254 942 disceptationem,

319 962 428 1050 Lydus
452 964 587 1032 Alcman
609 985 650 1030 au
673 963 851 1049 Spartanus
872 970 964 1030 esset.
1002 964 1093 1046 Quid,
1114 965 1192 1048 ipsis
1211 963 1317 1030 verbis
1332 963 1465 1030 Suidae:
1486 963 1564 1026 κατὰ
1585 961 1618 1025 δὲ
1632 961 1687 1025 τὸν
1701 960 1851 1044 Κράτητα
1871 959 2028 1036 πταίοντα,
2050 978 2153 1023 nonne
2173 979 2251 1042 quc-

319 1064 491 1132 dammodo
516 1065 677 1132 indicatur
698 1065 916 1148 quaestionem
939 1065 979 1130 de
1000 1086 1076 1131 vera
1097 1065 1204 1150 patria
1217 1063 1377 1130 Alcmanis
1396 1065 1430 1129 in
1443 1082 1574 1128 numero
1594 1068 1644 1128 tot
1665 1059 1950 1128 controversiarum
1970 1057 2152 1124 habendam
2174 1079 2251 1142 esse,

320 1185 411 1250 quae,
435 1164 478 1231 ab
501 1160 687 1233 Aristarcho
710 1171 742 1231 et
765 1164 893 1232 Cratete
915 1186 1061 1246 exorsae,
1090 1165 1132 1231 ab
1153 1165 1317 1249 utriusque
1346 1162 1508 1249 discipulis
1534 1183 1598 1229 uon
1619 1162 1721 1228 solum
1743 1161 1840 1240 vario,
1862 1159 1917 1226 sed
1939 1179 2069 1244 prorsus
2090 1159 2250 1226 contrario

319 1265 417 1332 modo
441 1265 610 1350 dijudicari
632 1266 792 1333 solerent?
837 1265 957 1332 Contra
984 1267 1078 1332 certis
1107 1265 1211 1332 verbis
1234 1265 1369 1350 Spartae
1398 1264 1558 1346 abnegant
1586 1261 1770 1328 Alcmanem
1798 1260 1938 1345 Vellejus
1959 1259 2146 1326 Paterculus
2160 1260 2198 1341 ¹¹)
2218 1265 2250 1326 et

319 1365 471 1433 Aelianus
485 1366 540 1448 ¹²),
555 1367 679 1460 ¹paullo
708 1365 863 1432 occultius
885 1366 1045 1433 Himerius
1058 1368 1105 1448 ¹³).
1149 1365 1212 1432 Sed
1234 1365 1332 1430 multo
1361 1365 1492 1450 majoris
1521 1369 1553 1428 et
1574 1362 1727 1446 gravioris
1748 1383 1844 1447 quam
1871 1363 1952 1427 haec
1980 1361 2165 1427 testimonia
2194 1382 2249 1427 au·
2274 1363 2280 1372 '

320 1471 446 1534 ctcrum
469 1467 641 1534 admodum
662 1468 836 1534 recentium
852 1475 892 1548 et,
913 1474 950 1533 nt
963 1467 1068 1534 dicam
1082 1467 1169 1552 quod
1182 1465 1261 1531 mihi
1273 1467 1426 1550 persuasi,
1447 1464 1561 1531 summi
1575 1465 1727 1530 momenti
1741 1463 1818 1530 mihi
1830 1462 1957 1528 ridetur
1971 1483 2040 1528 esse
2054 1461 2251 1546 epigramma

319 1567 482 1652 quoddam
497 1566 672 1633 Alexandri
688 1566 801 1653 Aetoli,
823 1566 956 1633 illustris
977 1565 1062 1632 illius
1083 1572 1198 1652 poetae
1210 1565 1424 1646 Alexandrini,
1447 1565 1501 1650 qui
1523 1563 1581 1630 sub
1601 1565 1785 1630 Ptolemaeo
1802 1562 2014 1649 Philadelpho
2036 1560 2249 1628 Alexandriae

319 1666 353 1733 in
375 1667 451 1734 aula
473 1667 561 1752 regia
582 1666 697 1734 floruit.
741 1667 772 1734 Ie
795 1669 887 1749 enim,
910 1670 937 1734 si
959 1690 998 1733 ex
1014 1667 1221 1734 similitudine
1243 1667 1399 1752 conjicere
1419 1667 1509 1746 lieet,
1532 1666 1614 1732 sicut
1635 1665 1749 1749 reliqui
1768 1671 1883 1750 poetae
1904 1663 2111 1730 Alexandrini
2133 1662 2250 1728 doctri·

319 1789 395 1833 nam
418 1774 450 1834 et
471 1768 635 1834 scientiam
657 1769 762 1853 poesis
787 1768 907 1853 lyricae
929 1791 1020 1835 cuam
1042 1791 1120 1854 prae
1141 1789 1175 1833 se
1197 1765 1318 1833 ferendi
1339 1768 1488 1854 cupidus,
1514 1803 1547 1814 -
1573 1767 1761 1851 praesertim
1782 1787 1879 1852 quum
1900 1765 2087 1830 facultatem
2109 1763 2250 1830 carmina

319 1868 481 1935 Alcmanis
502 1868 628 1952 legendi
649 1868 845 1935 bibliotheca
867 1869 896 1934 ei
917 1869 1087 1954 praeberet
1109 1874 1141 1935 et
1162 1867 1241 1934 haec
1271 1870 1413 1936 carmina
1434 1869 1467 1934 in
1489 1869 1633 1954 Aegypto
1656 1867 1828 1932 admodum
1850 1865 2039 1952 pervulgata
2060 1864 2157 1930 fuisse
2178 1862 2251 1928 hino

319 1969 543 2050 concludatur,
572 1971 659 2054 quod
680 1969 930 2054 fragmentorum
952 1968 1207 2035 Alcmanicorum
1236 1969 1376 2035 omnium
1405 1969 1634 2053 amplissimum
1663 1968 1714 2051 (ir.
1736 1967 1811 2032 XVI
1840 1990 1891 2052 ap.
1913 1965 2027 2050 Bergk.
2047 1965 2082 2030 P.
2104 1965 2160 2050 lyr.
2183 1963 2251 2046 Gr.)

318 2090 336 2135 e
358 2069 525 2156 pyramide
547 2070 704 2156 Aegyptia
724 2092 826 2155 nuper
847 2076 971 2135 erutum
993 2069 1042 2150 sit,
1066 2107 1106 2119 -
1128 2070 1232 2155 ipsum
1255 2069 1437 2134 Alcmanem
1459 2069 1539 2135 haec
1560 2069 1658 2135 verba
1680 2069 1720 2135 de
1741 2090 1775 2134 se
1797 2068 2035 2155 praedicantem
2057 2066 2133 2132 fecit
2147 2067 2201 2146 ¹¹):

752 2195 888 2280 Σάρδιες,
910 2194 1035 2281 άρχαῖος
1055 2196 1195 2281 πατίρων
1215 2197 1306 2276 νομδς
1328 2199 1354 2259 εί
1372 2197 1430 2278 μὲν
1451 2197 1483 2259 ίν
1503 2195 1575 2278 ύμῖν

835 2295 1012 2381 ἐτρεφόμην,
1031 2296 1147 2375 κέλσας,
1169 2295 1188 2378 ἥ
1209 2321 1254 2372 τις
1275 2295 1349 2380 ἀνὴρ
1370 2295 1501 2377 μανίλας

747 2397 952 2482 χρυσοφόρος,
975 2396 1099 2482 ῥήσσων
1119 2397 1196 2460 καλά
1216 2396 1366 2477 τύμπανα·
1388 2405 1442 2462 νῦν
1463 2397 1498 2460 δί
1515 2421 1569 2479 μοι
1582 2395 1714 2480 Ἀλκμάν

836 2495 961 2580 ούνομα,
983 2502 1032 2560 καλ
1053 2498 1199 2582 Σπάρτας
1219 2500 1279 2578 alpi
1300 2501 1432 2580 πολίτης,

749 2602 798 2662 καλ
819 2599 938 2680 μούσας
959 2599 1051 2680 ἐδάην
1069 2599 1250 2681 Ἑλληνίδας,
1272 2600 1307 2661 άί
1324 2623 1361 2678 με
1383 2599 1538 2684 τυράννων

837 2703 938 2780 θῆκαν
959 2699 1126 2764 Δασκύλεω
1147 2701 1303 2783 κρείσσονα
1323 2702 1372 2761 καί
1393 2703 1423 2762 Γ
1421 2698 1508 2782 ύγοω.

318 2822 361 2890 Et
381 2842 499 2908 magno
529 2843 602 2888 cum
631 2843 701 2888 mec
730 2823 847 2908 gaudio
877 2825 960 2890 sensi
989 2846 1094 2890 mcum
1117 2846 1137 2890 a
1158 2824 1378 2891 Welclreriauo
1392 2825 1429 2904 ¹¹)
1458 2824 1613 2890 dissidens
1639 2825 1795 2909 judicium
1823 2823 1863 2889 de
1892 2822 2052 2888 sententia
2080 2826 2113 2886 et
2141 2826 2250 2884 tenore

319 2923 414 3008 hujus
437 2922 675 3010 epigrammatis
697 2943 769 2990 cum
790 2923 935 2990 Muelleri
953 2925 1074 3010 judicio
1096 2925 1260 2992 concinere
1274 2927 1320 3007 ¹¹).
1363 2924 1478 2990 Putaui
1500 2927 1582 2990 enirn
1604 2947 1806 3010 nequaquam
1827 2931 1946 2990 temere
1967 2944 2018 2989 me
2033 2921 2251 3006 conjecturum

317 3045 394 3105 esse,
418 3025 445 3089 si
466 3031 573 3090 ratum
596 3023 748 3090 haberem
761 3025 977 3091 Alexandrum
993 3027 1150 3106 Aetolum,
1173 3047 1269 3109 quum
1291 3024 1475 3092 Alcmenam
1497 3026 1553 3091 illa
1572 3027 1671 3093 rerba
1693 3026 1838 3091 edentem
1859 3023 2003 3108 fingeret,
2025 3024 2129 3109 ipsum
2150 3020 2251 3106 quod-

318 3124 394 3190 dam
417 3145 544 3190 carmeu
566 3130 681 3208 poetae
704 3123 854 3208 Spartani
883 3125 1003 3191 imitari
1031 3137 1063 3192 et
1084 3126 1248 3194 aemulari.
1289 3125 1371 3191 Nam
1400 3125 1466 3192 sere
1487 3127 1652 3211 loquacem
1675 3133 1708 3193 et
1729 3127 1905 3210 garrulum,
1934 3125 1989 3192 ubi
2012 3124 2052 3190 de
2073 3145 2107 3190 se
2129 3124 2195 3208 ipse
2217 3129 2250 3187 et

318 3225 384 3290 suis
405 3224 539 3290 fortunis
561 3229 664 3304 canat,
685 3233 815 3309 poetam
837 3226 901 3292 dici
922 3248 1015 3311 posse
1036 3227 1214 3312 fragmento
1234 3226 1372 3291 XXXIII
1395 3226 1552 3292 docemur.
1596 3227 1790 3306 Quibuscum
1817 3226 1962 3292 omnibus
1988 3227 2015 3290 si
2036 3225 2250 3308 fragmentum

321 3324 410 3390 XXV
424 3324 471 3407 ¹¹),
492 3346 550 3410 per
571 3325 657 3411 quod
678 3325 750 3411 plus
772 3327 851 3392 lucis
873 3349 969 3411 quam
991 3349 1050 3412 per
1071 3335 1180 3394 cetera
1200 3326 1340 3392 tenebris
1360 3329 1444 3393 ritae
1467 3327 1627 3394 Alcmanis
1649 3327 1758 3393 offusis
1780 3327 1926 3408 affertur,
1956 3326 2154 3406 conferimus,
2176 3324 2249 3392 iude

318 3433 444 3492 tantum
466 3427 578 3492 abesse
600 3427 784 3510 apparebit,
813 3433 849 3492 ut
870 3427 1002 3492 Alcman
1031 3427 1115 3494 filius
1144 3428 1277 3512 alicujus
1299 3429 1379 3493 servi
1401 3428 1493 3513 Lydii
1513 3428 1753 3496 Lacedaemone
1782 3430 1880 3494 vitam
1909 3429 2054 3512 degentis
2082 3427 2186 3506 inerit,
2208 3461 2249 3472 -

318 3546 413 3611 quem
436 3527 476 3590 de
498 3549 612 3609 genere
635 3527 765 3610 gloriari
785 3527 928 3611 profecto
950 3551 1013 3594 non
1036 3529 1171 3610 deceret,
1194 3565 1235 3576 -
1256 3537 1293 3594 ut
1306 3529 1459 3595 Sardibus
1481 3551 1552 3596 eum
1575 3551 1595 3595 a
1615 3529 1715 3596 libero
1737 3535 1830 3614 patre
1844 3529 2019 3612 eodemque
2036 3549 2100 3594 non
2119 3547 2249 3612 prorsus

315 3627 449 3712 ignobili
476 3628 617 3712 genitum
647 3649 715 3693 esse
742 3628 834 3693 nobis
855 3628 898 3692 sit
919 3649 1114 3712 persuasum.
1158 3631 1254 3714 Atqui
1275 3631 1343 3714 ipse
1366 3630 1480 3696 Suidae
1509 3632 1675 3714 quominus
1695 3652 1778 3715 quae
1799 3629 1894 3696 modo
1917 3629 2063 3714 exposite
2084 3635 2156 3693 sunt
2175 3648 2249 3712 pro-

316 3727 427 3794 bemus
449 3733 481 3793 et
502 3727 734 3810 amplectamur
755 3749 817 3793 non
840 3728 941 3792 solum
964 3750 1026 3794 uon
1047 3730 1200 3814 impediet
1220 3718 1294 3812 nos,
1324 3732 1380 3796 sed
1409 3733 1514 3816 potius
1536 3739 1572 3798 ut
1593 3753 1631 3797 ea
1654 3731 1895 3816 comprobemus
1916 3729 2129 3813 permovebit,
2159 3729 2249 3793 dum-

318 3828 414 3894 modo
436 3829 481 3893 eis
504 3829 650 3894 assentiri
671 3829 812 3908 velimus,
835 3849 917 3911 quae
938 3827 1110 3895 Mauricius
1132 3830 1325 3896 Schmidtius
1339 3834 1392 3912 ¹⁸),
1414 3840 1450 3896 ut
1470 3839 1706 3898 removerentur
1726 3854 1809 3918 quae
1831 3832 1918 3917 apud
1940 3831 2071 3908 suidam,
2092 3851 2154 3895 non
2176 3849 2248 3894 con-

318 3929 460 3994 cinerent
482 3935 514 3994 et
534 3929 619 3992 iuter
640 3949 673 3994 se
695 3936 923 4014 repugnarent,
951 3930 1125 4014 proposuit.
1170 3931 1230 4008 Qui
1257 3937 1427 4016 postquam
1455 3933 1590 4016 primum
1618 3933 1717 3998 vitam
1739 3933 1900 3998 Alcmanis
1928 3931 2015 4016 apud
2037 3931 2168 3996 Suidam
2197 3951 2249 3994 ex·

319 4035 457 4094 stantem
480 4049 497 4092 e
518 4028 602 4093 libro
625 4029 752 4114 Didymi
773 4029 968 4094 Aristarchei
982 4031 1021 4112 ¹¹)
1047 4058 1079 4094 π.
1102 4039 1236 4114 ποιητῶν
1257 4053 1402 4097 manasse
1424 4033 1551 4114 statuit,
1573 4033 1747 4117 Vellejum,
1769 4032 1913 4116 quamvis
1935 4031 2128 4098 contrariam
2152 4029 2249 4114 opini-

318 4150 411 4196 onem
434 4127 474 4194 de
496 4129 657 4196 Alcmanis
678 4131 785 4216 patria
806 4130 955 4210 haberet,
985 4130 1080 4196 etiam
1105 4131 1340 4197 Aristarcheum
1367 4132 1463 4198 fuisse
1492 4134 1611 4218 arguit,
1640 4135 1722 4200 riam
1751 4133 1877 4218 saepius
1898 4134 1974 4198 viris
1996 4132 2097 4198 doctis
2119 4131 2161 4197 ad
2183 4153 2250 4196 cor-

320 4237 431 4316 ruptos
453 4229 540 4296 locos
562 4228 654 4296 lexici
677 4231 761 4296 illius
783 4231 941 4296 sanandos
962 4230 1131 4314 probatam
1153 4232 1298 4298 adhiberi
1318 4233 1418 4299 voluit
1433 4239 1465 4300 et
1479 4234 1582 4300 verbis
1596 4235 1694 4300 vitam
1708 4233 1797 4300 illam
1812 4235 2036 4319 incipientibus
2050 4233 2250 4319 transpositis

319 4331 388 4415 ejus
409 4331 533 4396 initium
557 4331 602 4396 sie
624 4330 791 4415 legendum
814 4351 883 4396 esse
906 4331 1042 4396 censuit:
1078 4330 1210 4414 Ἀλκμάν
1229 4335 1342 4409 Λυδὰς
1363 4335 1395 4397 ix
1408 4333 1559 4418 Σάρδεων,
1580 4336 1658 4401 κατὰ
1679 4336 1713 4399 δὲ
1734 4335 1789 4400 τδν
1804 4335 1953 4421 Κράτητα
1969 4338 2118 4402 melone
2130 4333 2251 4398 Λάκων

315 4433 347 4494 ἐκ
368 4431 525 4506 Μεσσίας.

423 4681 455 4744 ¹¹)
473 4681 498 4747 1,
516 4679 563 4733 18:
582 4694 672 4747 neque
689 4679 744 4734 hoc
760 4681 845 4748 magis
862 4680 975 4736 miratus
992 4681 1042 4736 sim
1060 4697 1140 4750 quam
1166 4681 1299 4738 neminem
1316 4685 1460 4756 Argivum,
1484 4686 1658 4754 Thebanum,
1682 4685 1929 4742 Lacedaemonium
1953 4695 2103 4756 oratorem,
2125 4695 2173 4743 aut
2189 4687 2251 4742 dum

320 4762 388 4816 vixit
406 4763 584 4832 auctoritate,
606 4771 653 4817 aut
669 4768 733 4832 post
749 4769 862 4818 mortem
880 4765 1012 4819 memoria
1028 4765 1136 4832 dignum
1155 4765 1350 4836 existimatum,
1377 4771 1547 4838 quaerrbcs
1565 4776 1593 4824 et
1609 4771 1710 4826 multae
1728 4771 1799 4826 aliae
1821 4771 1914 4826 talium
1932 4773 2084 4828 studiorum
2102 4773 2180 4828 fuera
2196 4778 2253 4826 ste·

319 4847 538 4916 rhea-nam
555 4847 1003 4903 AlcmanaLaconesialso
1028 4847 1095 4902 sibi
1119 4847 1302 4906 vindicant.
1326 4881 1358 4892 -
1392 4854 1423 4922 ¹¹)
1441 4855 1629 4922 v.h.1a,50:
1654 4855 1854 4919 Λακεδαιμόνιοι
1876 4863 2002 4924 μουσικῆς
2024 4855 2141 4921 ἀπείρως
2163 4849 2251 4921 εἶχον·
2303 4857 2310 4870 ·

321 4934 394 4994 ἔμολε
411 4929 460 4998 γάρ
480 4927 572 4984 αύτοῖτ
594 4937 753 4998 γυμνασίων
775 4931 817 4983 nul
841 4930 937 4984 ὅπλων.
961 4933 987 4984 τί
1005 4933 1033 4982 δέ
1052 4949 1113 4982 ποτε
1135 4930 1287 4999 ἐδεήθησαν
1305 4941 1348 5000 τῆς
1371 4936 1399 4988 du
1422 4943 1531 4999 μουσῶν
1549 4937 1702 5004 δπτκοορίατ
1719 4969 1751 4980 -
1769 4941 1960 5004 μετεπέμποντο
1978 4941 2071 5004 ξὲνοοτ
2095 4939 2200 5004 ἄνδρας.
2219 4969 2253 4980 -

318 5013 514 5078 μετεπέμψαντό
531 5033 561 5083 γε
578 5015 629 5083 μὴν
650 5016 824 5080 Τέρπανδρον
841 5020 883 5068 καί
904 5013 1004 5082 Θάλητα
1022 5017 1063 5066 καί
1087 5018 1218 5082 Τυρταῖον
1236 5021 1277 5070 καί
1296 5017 1342 5069 τὸν
1355 5021 1530 5090 Κυδωνιάτην
1545 5023 1692 5087 Νυμφαῖον
1710 5028 1752 5076 καλ
1769 5024 1904 5088 Ἀλκμᾶνα.
1922 5023 2053 5094 [αὐλῳδὸς
2064 5022 2115 5090 γὰρ
2135 5017 2186 5095 ἦα]
2204 5023 2254 5079 cfr.

319 5100 355 5154 ad
373 5099 458 5153 verba
476 5105 601 5154 extrema
618 5099 724 5154 Welclr.
743 5099 760 5154 l.
778 5115 801 5154 c.
818 5117 844 5169 p.
861 5099 887 5156 5.
905 5130 938 5140 -
960 5101 990 5167 ¹³)
1010 5099 1056 5154 Or.
1073 5100 1097 5168 5,
1116 5101 1144 5153 3:
1163 5098 1306 5163 Ἀλκμαίων
1323 5103 1352 5167 (l.
1366 5101 1485 5174 Ἀλκμάν)
1499 5105 1521 5159 δ’
1533 5105 1548 5158 δ
1562 5107 1608 5176 τὴν
1621 5107 1730 5174 Δάρτον
1744 5109 1828 5174 λύραν
1840 5111 1951 5165 Λυδίοις
1962 5108 2076 5172 κεράσας
2089 5107 2253 5176 ᾅσμασιν,-

322 5184 354 5248 ¹¹)
372 5183 444 5238 Plut.
463 5183 525 5238 exii.
543 5185 568 5239 2.
588 5213 619 5224 -
642 5184 672 5248 ¹¹)
691 5183 708 5237 l.
727 5197 750 5237 c.
767 5199 794 5250 p.
811 5181 836 5238 4.
854 5213 887 5223 -
908 5185 938 5252 ¹¹)
956 5183 973 5238 l.
992 5199 1014 5238 c.
1031 5199 1058 5252 p.
1075 5183 1134 5236 349.

982 5269 1012 5336 ¹¹)
1032 5263 1080 5318 ούκ
1099 5262 1139 5321 er'c
1156 5265 1225 5334 δνὴρ
1243 5267 1364 5335 ἄγροικον
1382 5269 1447 5324 addi

1031 5351 1120 5405 σκαιὸν
1137 5349 1202 5402 otte
1220 5353 1290 5418 παρὰ
1309 5363 1434 5420 repetere

1029 5435 1094 5487 σάδδ
1114 5433 1244 5490 Θεσσαλὸς
1262 5437 1337 5504 γένος

1029 5515 1087 5571 οὐδ’
1106 5517 1269 5586 Ἐραστχαίοτ
1287 5504 1352 5574 ούδδ
1371 5520 1474 5594 ποιμήν,

1030 5599 1091 5654 δλλδ
1113 5601 1240 5668 Σαρδίων
1256 5602 1300 5656 dn'
1318 5603 1411 5671 α’κρδν.

423 5686 456 5754 ¹⁸)
474 5683 573 5740 Philol.
591 5682 692 5751 XVIII,
709 5700 735 5751 p.
753 5684 811 5740 226.
829 5713 862 5726 -·
886 5684 915 5753 ¹⁹)
934 5683 965 5737 Id
979 5683 1036 5752 jum
1054 5686 1144 5742 verbis
1162 5687 1224 5740 auid
1243 5689 1288 5740 τδν
1307 5688 1427 5755 Κράτητα
1445 5697 1567 5746 ntalem
1584 5693 1727 5750 indicatur.
